time,price,volume,match_type,id
2025-07-17 09:15:00,88.3,400,Sell,323953240
2025-07-17 09:15:00,88.3,200,Sell,323953257
2025-07-17 09:15:00,88.3,100,Sell,323953256
2025-07-17 09:15:00,88.3,100,Sell,323953254
2025-07-17 09:15:00,88.3,100,Sell,323953258
2025-07-17 09:15:00,88.3,100,Sell,323953255
2025-07-17 09:15:00,88.3,100,Sell,323953253
2025-07-17 09:15:00,88.3,100,Sell,323953249
2025-07-17 09:15:00,88.3,200,Sell,323953248
2025-07-17 09:15:00,88.3,500,Sell,323953246
2025-07-17 09:15:00,88.3,400,Sell,323953245
2025-07-17 09:15:00,88.3,100,Sell,323953259
2025-07-17 09:15:00,88.3,100,Sell,323953261
2025-07-17 09:15:00,88.3,300,Sell,323953265
2025-07-17 09:15:00,88.3,100,Sell,323953266
2025-07-17 09:15:00,88.3,100,Sell,323953267
2025-07-17 09:15:00,88.3,100,Sell,323953270
2025-07-17 09:15:00,88.3,200,Sell,323953271
2025-07-17 09:15:00,88.3,200,Sell,323953272
2025-07-17 09:15:00,88.3,200,Sell,323953244
2025-07-17 09:15:00,88.3,100,Sell,323953273
2025-07-17 09:15:00,88.3,100,Sell,323953274
2025-07-17 09:15:00,88.3,300,Sell,323953275
2025-07-17 09:15:00,88.3,100,Sell,323953276
2025-07-17 09:15:00,88.3,300,Sell,323953285
2025-07-17 09:15:11,88.5,300,Sell,323955278
2025-07-17 09:15:29,88.8,100,Buy,323956245
2025-07-17 09:15:32,88.8,200,Buy,323956450
2025-07-17 09:15:40,88.8,200,Buy,323956866
2025-07-17 09:15:59,88.9,100,Buy,323958331
2025-07-17 09:15:59,88.9,300,Buy,323958330
2025-07-17 09:15:59,88.9,600,Buy,323958332
2025-07-17 09:16:04,88.8,1000,Sell,323958818
2025-07-17 09:16:12,88.8,4000,Buy,323959513
2025-07-17 09:16:12,88.8,1000,Buy,323959514
2025-07-17 09:16:13,88.8,1000,Sell,323959596
2025-07-17 09:16:14,88.9,600,Buy,323959698
2025-07-17 09:16:14,89.0,3000,Buy,323959702
2025-07-17 09:16:14,89.0,100,Buy,323959700
2025-07-17 09:16:14,89.0,14400,Buy,323959701
2025-07-17 09:16:14,88.9,1000,Buy,323959699
2025-07-17 09:16:14,88.9,4400,Buy,323959697
2025-07-17 09:16:14,88.8,200,Sell,323959691
2025-07-17 09:16:15,89.0,3600,Sell,323959856
2025-07-17 09:16:15,88.8,1100,Sell,323959857
2025-07-17 09:16:16,88.8,900,Sell,323959926
2025-07-17 09:16:17,88.5,100,Sell,323959997
2025-07-17 09:16:18,89.5,900,Buy,323960086
2025-07-17 09:16:18,89.5,100,Buy,323960085
2025-07-17 09:16:18,89.5,1500,Buy,323960087
2025-07-17 09:16:19,88.5,600,Sell,323960153
2025-07-17 09:16:19,89.5,1000,Sell,323960099
2025-07-17 09:16:19,88.8,100,Sell,323960152
2025-07-17 09:16:20,89.6,100,Buy,323960277
2025-07-17 09:16:21,88.5,100,Sell,323960409
2025-07-17 09:16:34,88.8,200,Buy,323961609
2025-07-17 09:16:34,88.8,500,Buy,323961613
2025-07-17 09:16:36,88.6,100,Sell,323961760
2025-07-17 09:16:45,88.8,200,Buy,323962528
2025-07-17 09:16:54,88.8,100,Buy,323963433
2025-07-17 09:16:58,88.8,800,Sell,323963734
2025-07-17 09:16:58,88.8,200,Sell,323963732
2025-07-17 09:16:59,89.5,400,Buy,323963857
2025-07-17 09:16:59,88.8,200,Sell,323963852
2025-07-17 09:17:00,88.8,100,Sell,323963923
2025-07-17 09:17:04,89.5,5000,Buy,323964278
2025-07-17 09:17:04,89.5,4400,Buy,323964277
2025-07-17 09:17:04,89.5,2000,Buy,323964279
2025-07-17 09:17:05,89.5,3600,Sell,323964297
2025-07-17 09:17:06,88.8,3000,Sell,323964376
2025-07-17 09:17:07,88.8,600,Sell,323964436
2025-07-17 09:17:08,88.8,100,Sell,323964513
2025-07-17 09:17:08,88.8,200,Sell,323964568
2025-07-17 09:17:08,88.8,100,Sell,323964569
2025-07-17 09:17:13,88.8,400,Buy,323965048
2025-07-17 09:17:14,88.8,700,Buy,323965115
2025-07-17 09:17:16,88.8,100,Sell,323965270
2025-07-17 09:17:26,89.0,500,Sell,323966184
2025-07-17 09:17:27,89.0,100,Sell,323966283
2025-07-17 09:17:29,89.5,100,Buy,323966462
2025-07-17 09:17:52,89.5,1000,Buy,323968028
2025-07-17 09:17:52,89.5,3000,Buy,323968068
2025-07-17 09:17:52,89.5,4000,Buy,323968069
2025-07-17 09:17:52,89.5,11000,Buy,323968071
2025-07-17 09:17:52,89.5,2000,Buy,323968070
2025-07-17 09:17:54,89.0,4200,Sell,323968287
2025-07-17 09:17:56,89.0,800,Sell,323968441
2025-07-17 09:17:58,89.0,100,Sell,323968607
2025-07-17 09:17:59,89.5,100,Buy,323968690
2025-07-17 09:17:59,89.5,4100,Buy,323968688
2025-07-17 09:17:59,89.5,2000,Buy,323968689
2025-07-17 09:17:59,89.4,4100,Buy,323968687
2025-07-17 09:17:59,89.5,400,Buy,323968691
2025-07-17 09:17:59,89.5,9600,Buy,323968693
2025-07-17 09:17:59,89.5,4100,Buy,323968692
2025-07-17 09:18:00,89.0,4800,Sell,323968757
2025-07-17 09:18:01,89.0,900,Sell,323968821
2025-07-17 09:18:01,89.1,100,Buy,323968841
2025-07-17 09:18:01,89.5,2900,Buy,323968842
2025-07-17 09:18:02,89.5,700,Sell,323968886
2025-07-17 09:18:02,89.5,500,Sell,323968889
2025-07-17 09:18:02,89.5,15800,Sell,323968903
2025-07-17 09:18:03,89.0,3400,Sell,323969018
2025-07-17 09:18:04,89.0,200,Sell,323969080
2025-07-17 09:18:04,88.8,200,Sell,323969081
2025-07-17 09:18:04,88.8,200,Sell,323969082
2025-07-17 09:18:05,88.8,100,Sell,323969147
2025-07-17 09:18:19,89.5,6000,Buy,323970408
2025-07-17 09:18:19,89.5,9500,Buy,323970409
2025-07-17 09:18:19,88.9,1000,Sell,323970453
2025-07-17 09:18:19,88.8,200,Sell,323970454
2025-07-17 09:18:19,89.5,4500,Buy,323970407
2025-07-17 09:18:21,88.8,500,Sell,323970583
2025-07-17 09:18:28,89.5,400,Buy,323971120
2025-07-17 09:18:46,89.4,100,Buy,323972805
2025-07-17 09:18:47,89.4,200,Buy,323972905
2025-07-17 09:18:47,89.4,900,Buy,323972903
2025-07-17 09:18:47,89.5,1000,Buy,323972906
2025-07-17 09:18:47,89.4,4500,Buy,323972904
2025-07-17 09:18:56,89.5,100,Buy,323973615
2025-07-17 09:18:56,89.5,3900,Buy,323973616
2025-07-17 09:18:56,89.5,1100,Buy,323973617
2025-07-17 09:18:58,89.4,100,Sell,323973965
2025-07-17 09:19:08,89.3,1000,Sell,323974841
2025-07-17 09:19:27,89.4,7400,Buy,323976620
2025-07-17 09:19:27,89.4,5000,Buy,323976621
2025-07-17 09:19:27,89.4,4000,Buy,323976622
2025-07-17 09:19:31,89.3,1000,Sell,323976874
2025-07-17 09:19:36,89.4,4000,Buy,323977317
2025-07-17 09:19:36,89.4,1000,Buy,323977316
2025-07-17 09:19:40,89.4,1000,Buy,323977591
2025-07-17 09:19:40,89.4,100,Buy,323977592
2025-07-17 09:19:40,89.4,500,Buy,323977593
2025-07-17 09:19:51,89.5,5000,Buy,323978458
2025-07-17 09:19:51,89.5,200,Buy,323978455
2025-07-17 09:19:51,89.5,5000,Buy,323978456
2025-07-17 09:19:51,89.5,5000,Buy,323978457
2025-07-17 09:19:51,89.5,4800,Buy,323978459
2025-07-17 09:19:58,89.5,200,Buy,323979105
2025-07-17 09:19:58,89.5,100,Buy,323979106
2025-07-17 09:19:58,89.5,1700,Buy,323979107
2025-07-17 09:19:59,89.5,5000,Buy,323979132
2025-07-17 09:19:59,89.5,700,Buy,323979135
2025-07-17 09:19:59,89.5,8300,Buy,323979130
2025-07-17 09:19:59,89.5,1000,Buy,323979131
2025-07-17 09:19:59,89.5,5000,Buy,323979133
2025-07-17 09:20:00,89.5,100,Buy,323979229
2025-07-17 09:20:01,89.4,1600,Sell,323979364
2025-07-17 09:20:02,89.4,100,Buy,323979393
2025-07-17 09:20:03,89.5,1200,Buy,323979448
2025-07-17 09:20:03,89.5,200,Buy,323979449
2025-07-17 09:20:03,89.4,300,Buy,323979447
2025-07-17 09:20:06,89.5,500,Sell,323979724
2025-07-17 09:20:10,89.5,100,Buy,323980073
2025-07-17 09:20:13,89.5,100,Buy,323980361
2025-07-17 09:20:27,89.4,700,Sell,323981573
2025-07-17 09:20:27,89.4,1000,Sell,323981567
2025-07-17 09:20:27,89.4,100,Sell,323981576
2025-07-17 09:20:35,89.4,100,Buy,323982288
2025-07-17 09:20:36,89.4,2000,Buy,323982383
2025-07-17 09:20:36,89.4,2000,Buy,323982429
2025-07-17 09:20:54,89.4,100,Buy,323983937
2025-07-17 09:21:01,89.3,2000,Sell,323984493
2025-07-17 09:21:01,89.3,2000,Sell,323984494
2025-07-17 09:21:01,89.3,500,Sell,323984495
2025-07-17 09:21:04,89.3,200,Buy,323984727
2025-07-17 09:21:13,89.3,1000,Buy,323985347
2025-07-17 09:21:17,89.2,400,Sell,323985684
2025-07-17 09:21:17,89.2,200,Sell,323985679
2025-07-17 09:21:22,89.3,100,Buy,323986100
2025-07-17 09:21:26,89.2,500,Sell,323986434
2025-07-17 09:21:32,89.2,100,Sell,323986836
2025-07-17 09:21:35,89.2,100,Buy,323987040
2025-07-17 09:21:47,89.2,100,Buy,323988085
2025-07-17 09:21:47,89.1,1000,Sell,323988090
2025-07-17 09:21:49,89.1,1600,Sell,323988223
2025-07-17 09:21:55,89.1,100,Sell,323988641
2025-07-17 09:21:55,89.1,7400,Sell,323988640
2025-07-17 09:21:55,89.1,100,Sell,323988642
2025-07-17 09:21:55,89.1,200,Sell,323988643
2025-07-17 09:21:56,89.1,200,Buy,323988756
2025-07-17 09:21:56,89.2,700,Buy,323988757
2025-07-17 09:21:56,89.2,300,Buy,323988758
2025-07-17 09:22:04,89.2,800,Sell,323989376
2025-07-17 09:22:12,89.1,1000,Buy,323989970
2025-07-17 09:22:22,89.1,300,Buy,323990670
2025-07-17 09:22:40,89.1,3500,Buy,323991832
2025-07-17 09:23:05,89.0,100,Sell,323993724
2025-07-17 09:23:07,89.1,500,Buy,323993841
2025-07-17 09:23:18,89.1,1000,Buy,323994525
2025-07-17 09:23:23,89.1,100,Buy,323994883
2025-07-17 09:23:24,89.1,100,Buy,323994912
2025-07-17 09:23:24,89.1,400,Buy,323994913
2025-07-17 09:23:26,89.1,100,Buy,323995021
2025-07-17 09:23:28,89.1,100,Buy,323995134
2025-07-17 09:23:28,89.1,300,Buy,323995113
2025-07-17 09:23:30,89.1,400,Buy,323995265
2025-07-17 09:23:30,89.1,500,Buy,323995264
2025-07-17 09:23:30,89.1,200,Buy,323995259
2025-07-17 09:23:30,89.1,2100,Buy,323995258
2025-07-17 09:23:30,89.1,2500,Buy,323995260
2025-07-17 09:23:32,89.1,1000,Sell,323995391
2025-07-17 09:23:39,89.2,1000,Buy,323995831
2025-07-17 09:23:39,89.2,600,Buy,323995832
2025-07-17 09:24:17,89.2,100,Sell,323998293
2025-07-17 09:24:17,89.2,400,Sell,323998292
2025-07-17 09:24:17,89.2,6600,Sell,323998294
2025-07-17 09:24:21,89.3,100,Buy,323998518
2025-07-17 09:24:34,89.2,100,Sell,323999213
2025-07-17 09:24:34,89.2,300,Sell,323999212
2025-07-17 09:24:34,89.2,200,Sell,323999209
2025-07-17 09:24:34,89.2,200,Sell,323999211
2025-07-17 09:24:40,89.2,3600,Buy,323999677
2025-07-17 09:24:40,89.3,7400,Buy,323999678
2025-07-17 09:24:40,89.3,4000,Buy,323999679
2025-07-17 09:24:49,89.3,1000,Buy,324000380
2025-07-17 09:24:49,89.3,1000,Buy,324000375
2025-07-17 09:24:49,89.3,500,Buy,324000379
2025-07-17 09:24:49,89.3,100,Buy,324000382
2025-07-17 09:24:49,89.3,500,Buy,324000381
2025-07-17 09:24:49,89.3,4400,Buy,324000383
2025-07-17 09:24:52,89.4,1000,Buy,324000657
2025-07-17 09:24:52,89.3,2500,Sell,324000712
2025-07-17 09:24:54,89.3,500,Buy,324000939
2025-07-17 09:25:10,89.3,2600,Buy,324002093
2025-07-17 09:25:10,89.3,2400,Buy,324002095
2025-07-17 09:25:29,89.2,400,Sell,324003423
2025-07-17 09:25:29,89.2,300,Sell,324003425
2025-07-17 09:25:29,89.2,1800,Sell,324003427
2025-07-17 09:25:29,89.2,100,Sell,324003426
2025-07-17 09:25:29,89.2,100,Sell,324003424
2025-07-17 09:25:32,89.2,3000,Sell,324003621
2025-07-17 09:25:39,89.2,200,Sell,324003994
2025-07-17 09:25:47,89.2,5000,Sell,324004403
2025-07-17 09:25:47,89.2,100,Sell,324004404
2025-07-17 09:25:57,89.1,2800,Sell,324004987
2025-07-17 09:26:05,89.1,400,Sell,324005486
2025-07-17 09:26:13,89.1,1900,Sell,324005965
2025-07-17 09:26:17,89.1,2000,Sell,324006195
2025-07-17 09:26:21,89.1,3000,Sell,324006438
2025-07-17 09:26:21,89.1,100,Sell,324006439
2025-07-17 09:26:21,89.0,900,Sell,324006441
2025-07-17 09:26:21,89.1,6200,Sell,324006437
2025-07-17 09:26:21,89.0,300,Sell,324006443
2025-07-17 09:26:21,89.1,3100,Sell,324006440
2025-07-17 09:26:21,89.0,500,Sell,324006442
2025-07-17 09:26:21,89.0,100,Sell,324006445
2025-07-17 09:26:21,89.0,20000,Sell,324006447
2025-07-17 09:26:21,89.0,800,Sell,324006449
2025-07-17 09:26:21,89.0,5000,Buy,324006459
2025-07-17 09:26:21,89.0,100,Sell,324006453
2025-07-17 09:26:21,89.0,5000,Sell,324006452
2025-07-17 09:26:21,89.0,1800,Sell,324006451
2025-07-17 09:26:21,89.0,100,Sell,324006444
2025-07-17 09:26:21,89.0,100,Sell,324006450
2025-07-17 09:26:21,89.0,1900,Sell,324006448
2025-07-17 09:26:21,89.0,100,Sell,324006446
2025-07-17 09:26:31,89.0,2900,Buy,324006995
2025-07-17 09:26:41,89.0,1500,Buy,324007708
2025-07-17 09:26:45,89.1,500,Sell,324008006
2025-07-17 09:26:45,89.0,2500,Sell,324008018
2025-07-17 09:26:52,89.0,2500,Sell,324008620
2025-07-17 09:26:52,89.0,1000,Sell,324008621
2025-07-17 09:26:52,88.9,100,Sell,324008622
2025-07-17 09:26:52,88.9,1100,Sell,324008623
2025-07-17 09:27:03,89.0,100,Sell,324009372
2025-07-17 09:27:04,89.0,900,Sell,324009424
2025-07-17 09:27:04,89.0,2100,Sell,324009425
2025-07-17 09:27:14,89.0,1000,Sell,324009998
2025-07-17 09:27:18,89.1,5000,Sell,324010205
2025-07-17 09:27:18,89.2,4900,Buy,324010201
2025-07-17 09:27:18,89.2,100,Buy,324010202
2025-07-17 09:27:18,89.2,1300,Buy,324010203
2025-07-17 09:27:27,89.1,5500,Sell,324010722
2025-07-17 09:27:34,89.1,4600,Sell,324011233
2025-07-17 09:27:43,89.1,800,Sell,324011863
2025-07-17 09:27:47,89.1,2500,Sell,324012091
2025-07-17 09:27:55,89.1,1600,Sell,324012700
2025-07-17 09:27:55,89.1,900,Sell,324012701
2025-07-17 09:27:59,89.1,2500,Sell,324013036
2025-07-17 09:28:02,89.1,400,Sell,324013259
2025-07-17 09:28:03,89.2,300,Buy,324013302
2025-07-17 09:28:03,89.2,1000,Buy,324013303
2025-07-17 09:28:03,89.2,800,Buy,324013298
2025-07-17 09:28:06,89.1,1100,Sell,324013541
2025-07-17 09:28:07,89.2,2900,Buy,324013613
2025-07-17 09:28:07,89.2,5000,Buy,324013614
2025-07-17 09:28:07,89.2,1000,Buy,324013615
2025-07-17 09:28:08,89.2,2500,Sell,324013640
2025-07-17 09:28:11,89.3,3900,Buy,324013798
2025-07-17 09:28:11,89.3,2400,Buy,324013797
2025-07-17 09:28:11,89.2,1600,Sell,324013818
2025-07-17 09:28:11,89.2,3600,Sell,324013817
2025-07-17 09:28:19,89.1,3500,Sell,324014329
2025-07-17 09:28:19,89.1,100,Sell,324014330
2025-07-17 09:28:19,89.1,1400,Sell,324014331
2025-07-17 09:28:30,89.1,2600,Sell,324015073
2025-07-17 09:28:35,89.1,1000,Sell,324015404
2025-07-17 09:28:39,89.1,200,Sell,324015651
2025-07-17 09:28:40,89.2,100,Buy,324015704
2025-07-17 09:28:40,89.2,400,Buy,324015681
2025-07-17 09:28:40,89.2,2500,Buy,324015706
2025-07-17 09:28:40,89.2,600,Buy,324015705
2025-07-17 09:28:46,89.2,5000,Buy,324016070
2025-07-17 09:28:51,89.1,2100,Sell,324016372
2025-07-17 09:28:52,89.3,1100,Buy,324016438
2025-07-17 09:28:52,89.3,1000,Buy,324016442
2025-07-17 09:28:52,89.3,4200,Buy,324016443
2025-07-17 09:29:03,89.3,200,Buy,324017120
2025-07-17 09:29:03,89.3,100,Buy,324017094
2025-07-17 09:29:03,89.3,1300,Buy,324017118
2025-07-17 09:29:03,89.3,5000,Buy,324017119
2025-07-17 09:29:05,89.3,200,Sell,324017267
2025-07-17 09:29:22,89.3,200,Sell,324018311
2025-07-17 09:29:29,89.3,100,Sell,324018901
2025-07-17 09:29:38,89.3,1000,Sell,324019470
2025-07-17 09:29:47,89.3,1400,Sell,324019848
2025-07-17 09:29:48,89.3,100,Sell,324019967
2025-07-17 09:29:48,89.3,100,Sell,324019975
2025-07-17 09:29:53,89.3,300,Sell,324020336
2025-07-17 09:29:58,89.3,500,Sell,324020622
2025-07-17 09:30:02,89.3,1100,Sell,324021307
2025-07-17 09:30:02,89.3,3500,Sell,324021308
2025-07-17 09:30:05,89.3,200,Sell,324021483
2025-07-17 09:30:07,89.3,2500,Sell,324021598
2025-07-17 09:30:07,89.3,2300,Sell,324021595
2025-07-17 09:30:07,89.3,2500,Sell,324021609
2025-07-17 09:30:07,89.3,200,Sell,324021597
2025-07-17 09:30:20,89.4,100,Buy,324022414
2025-07-17 09:30:21,89.4,200,Buy,324022448
2025-07-17 09:30:21,89.4,100,Buy,324022450
2025-07-17 09:30:21,89.4,400,Buy,324022442
2025-07-17 09:30:21,89.4,5000,Buy,324022444
2025-07-17 09:30:21,89.4,5000,Buy,324022445
2025-07-17 09:30:21,89.4,1000,Buy,324022447
2025-07-17 09:30:21,89.4,1000,Buy,324022449
2025-07-17 09:30:21,89.4,5000,Buy,324022443
2025-07-17 09:30:21,89.4,100,Buy,324022451
2025-07-17 09:30:21,89.4,100,Buy,324022455
2025-07-17 09:30:21,89.4,20000,Buy,324022456
2025-07-17 09:30:21,89.4,3000,Buy,324022458
2025-07-17 09:30:21,89.4,100,Buy,324022459
2025-07-17 09:30:21,89.4,300,Buy,324022446
2025-07-17 09:30:21,89.4,200,Buy,324022460
2025-07-17 09:30:21,89.4,100,Buy,324022454
2025-07-17 09:30:23,89.4,100,Sell,324022639
2025-07-17 09:30:31,89.4,100,Sell,324023007
2025-07-17 09:30:32,89.3,200,Sell,324023105
2025-07-17 09:30:32,89.4,7300,Sell,324023104
2025-07-17 09:30:41,89.4,100,Sell,324023694
2025-07-17 09:30:48,89.4,100,Sell,324024009
2025-07-17 09:30:48,89.4,300,Sell,324024010
2025-07-17 09:30:49,89.4,300,Buy,324024046
2025-07-17 09:30:56,89.4,600,Buy,324024379
2025-07-17 09:30:57,89.4,100,Buy,324024496
2025-07-17 09:30:59,89.3,4500,Sell,324024599
2025-07-17 09:31:10,89.3,4300,Sell,324025706
2025-07-17 09:31:10,89.3,1300,Sell,324025704
2025-07-17 09:31:21,89.3,5600,Sell,324026559
2025-07-17 09:31:21,89.3,100,Sell,324026547
2025-07-17 09:31:23,89.4,100,Buy,324026683
2025-07-17 09:31:30,89.3,1000,Sell,324027131
2025-07-17 09:31:33,89.3,5000,Sell,324027386
2025-07-17 09:31:50,89.3,1000,Sell,324028525
2025-07-17 09:31:50,89.3,3000,Sell,324028535
2025-07-17 09:31:50,89.3,100,Sell,324028541
2025-07-17 09:31:50,89.3,2100,Sell,324028542
2025-07-17 09:32:03,89.3,1500,Sell,324029338
2025-07-17 09:32:03,89.3,400,Sell,324029334
2025-07-17 09:32:04,89.3,1000,Sell,324029354
2025-07-17 09:32:04,89.3,300,Sell,324029357
2025-07-17 09:32:04,89.3,400,Sell,324029358
2025-07-17 09:32:04,89.3,1000,Sell,324029359
2025-07-17 09:32:04,89.3,700,Sell,324029356
2025-07-17 09:32:16,89.2,800,Sell,324029946
2025-07-17 09:32:16,89.1,200,Sell,324029947
2025-07-17 09:32:16,89.2,300,Sell,324029940
2025-07-17 09:32:16,89.2,100,Sell,324029945
2025-07-17 09:32:22,89.3,200,Buy,324030329
2025-07-17 09:32:22,89.3,100,Buy,324030331
2025-07-17 09:32:22,89.3,300,Buy,324030332
2025-07-17 09:32:38,89.3,5000,Buy,324031213
2025-07-17 09:32:59,89.2,200,Sell,324032326
2025-07-17 09:33:36,89.2,100,Sell,324034062
2025-07-17 09:33:46,89.2,200,Sell,324034589
2025-07-17 09:33:46,89.2,200,Sell,324034590
2025-07-17 09:33:46,89.2,300,Sell,324034591
2025-07-17 09:33:46,89.2,300,Sell,324034592
2025-07-17 09:33:46,89.2,200,Sell,324034597
2025-07-17 09:33:53,89.1,1200,Sell,324034957
2025-07-17 09:33:54,89.2,400,Buy,324035063
2025-07-17 09:34:01,89.3,300,Buy,324035405
2025-07-17 09:34:01,89.2,100,Buy,324035404
2025-07-17 09:34:05,89.1,100,Sell,324035714
2025-07-17 09:34:28,89.2,200,Sell,324037105
2025-07-17 09:34:28,89.1,300,Sell,324037106
2025-07-17 09:34:30,89.1,100,Sell,324037214
2025-07-17 09:34:54,89.2,100,Sell,324038439
2025-07-17 09:34:55,89.2,1600,Buy,324038469
2025-07-17 09:34:58,89.1,500,Sell,324038658
2025-07-17 09:35:05,89.2,6300,Buy,324039092
2025-07-17 09:35:05,89.1,2200,Sell,324039074
2025-07-17 09:35:11,89.2,500,Buy,324039430
2025-07-17 09:35:11,89.2,200,Buy,324039455
2025-07-17 09:35:12,89.2,500,Buy,324039479
2025-07-17 09:35:12,89.2,11300,Buy,324039478
2025-07-17 09:35:39,89.2,600,Sell,324040753
2025-07-17 09:35:40,89.2,100,Sell,324040797
2025-07-17 09:35:49,89.2,1000,Sell,324041288
2025-07-17 09:35:59,89.2,5000,Sell,324041912
2025-07-17 09:36:04,89.2,1400,Sell,324042167
2025-07-17 09:36:04,89.2,100,Sell,324042163
2025-07-17 09:36:04,89.2,300,Sell,324042164
2025-07-17 09:36:04,89.2,300,Sell,324042165
2025-07-17 09:36:18,89.2,3400,Sell,324042963
2025-07-17 09:36:18,89.2,1600,Sell,324042962
2025-07-17 09:36:37,89.2,100,Sell,324044248
2025-07-17 09:36:57,89.2,300,Sell,324045497
2025-07-17 09:36:58,89.2,1000,Sell,324045569
2025-07-17 09:37:01,89.2,100,Sell,324045751
2025-07-17 09:37:01,89.2,500,Sell,324045752
2025-07-17 09:37:03,89.2,1800,Sell,324045830
2025-07-17 09:37:03,89.2,300,Sell,324045829
2025-07-17 09:37:12,89.2,200,Sell,324046266
2025-07-17 09:37:20,89.2,100,Sell,324046775
2025-07-17 09:37:23,89.2,300,Sell,324047025
2025-07-17 09:37:23,89.2,200,Sell,324047026
2025-07-17 09:37:31,89.2,800,Buy,324047423
2025-07-17 09:37:31,89.2,1000,Sell,324047431
2025-07-17 09:37:42,89.2,200,Sell,324048120
2025-07-17 09:37:54,89.2,2100,Sell,324048910
2025-07-17 09:38:01,89.2,500,Sell,324049546
2025-07-17 09:38:02,89.2,100,Buy,324049592
2025-07-17 09:38:10,89.2,200,Buy,324050048
2025-07-17 09:38:10,89.2,1500,Buy,324050047
2025-07-17 09:38:18,89.2,100,Sell,324050547
2025-07-17 09:38:23,89.3,200,Buy,324051477
2025-07-17 09:38:23,89.3,1000,Buy,324051480
2025-07-17 09:38:23,89.3,100,Buy,324051478
2025-07-17 09:38:23,89.3,2500,Buy,324051482
2025-07-17 09:38:23,89.3,3400,Buy,324051470
2025-07-17 09:38:23,89.3,4100,Buy,324051410
2025-07-17 09:38:23,89.3,900,Buy,324051409
2025-07-17 09:38:23,89.3,100,Buy,324051481
2025-07-17 09:38:23,89.3,1800,Buy,324051479
2025-07-17 09:38:23,89.4,5000,Buy,324051484
2025-07-17 09:38:23,89.4,100,Buy,324051486
2025-07-17 09:38:23,89.4,2000,Buy,324051487
2025-07-17 09:38:23,89.4,400,Buy,324051488
2025-07-17 09:38:23,89.4,100,Buy,324051485
2025-07-17 09:38:23,89.4,200,Buy,324051489
2025-07-17 09:38:23,89.3,100,Buy,324051476
2025-07-17 09:38:23,89.4,100,Buy,324051491
2025-07-17 09:38:23,89.4,6100,Buy,324051492
2025-07-17 09:38:33,89.3,100,Sell,324052112
2025-07-17 09:38:36,89.4,100,Buy,324052280
2025-07-17 09:38:49,89.4,100,Buy,324053606
2025-07-17 09:38:49,89.4,100,Buy,324053607
2025-07-17 09:38:49,89.4,3800,Buy,324053605
2025-07-17 09:38:51,89.4,100,Buy,324053747
2025-07-17 09:38:51,89.4,100,Buy,324053749
2025-07-17 09:39:00,89.4,300,Sell,324054530
2025-07-17 09:39:00,89.4,1800,Sell,324054531
2025-07-17 09:39:26,89.5,1000,Buy,324056597
2025-07-17 09:39:36,89.5,500,Buy,324057271
2025-07-17 09:39:39,89.5,100,Buy,324057467
2025-07-17 09:39:48,89.5,2000,Buy,324058134
2025-07-17 09:39:51,89.4,2000,Sell,324058320
2025-07-17 09:39:54,89.5,100,Buy,324058600
2025-07-17 09:40:03,89.5,1000,Buy,324059568
2025-07-17 09:40:05,89.4,300,Sell,324059746
2025-07-17 09:40:05,89.4,200,Sell,324059743
2025-07-17 09:40:05,89.4,200,Sell,324059747
2025-07-17 09:40:05,89.4,100,Sell,324059748
2025-07-17 09:40:05,89.4,800,Sell,324059854
2025-07-17 09:40:05,89.4,200,Sell,324059855
2025-07-17 09:40:05,89.4,4200,Sell,324059749
2025-07-17 09:40:07,89.4,100,Sell,324060172
2025-07-17 09:40:13,89.5,300,Buy,324060640
2025-07-17 09:40:13,89.5,100,Buy,324060641
2025-07-17 09:40:16,89.4,1400,Sell,324060876
2025-07-17 09:40:16,89.4,800,Sell,324060877
2025-07-17 09:40:34,89.3,2100,Sell,324063487
2025-07-17 09:40:34,89.3,3000,Sell,324063485
2025-07-17 09:40:35,89.4,200,Buy,324063758
2025-07-17 09:40:35,89.4,5000,Buy,324063757
2025-07-17 09:40:35,89.4,800,Buy,324063756
2025-07-17 09:40:35,89.4,2300,Buy,324063759
2025-07-17 09:40:41,89.3,2700,Sell,324064475
2025-07-17 09:40:58,89.4,200,Sell,324066676
2025-07-17 09:40:58,89.4,1900,Sell,324066677
2025-07-17 09:41:10,89.5,100,Buy,324067987
2025-07-17 09:41:12,89.4,100,Sell,324068454
2025-07-17 09:41:20,89.4,800,Sell,324069469
2025-07-17 09:41:20,89.4,100,Sell,324069467
2025-07-17 09:41:27,89.5,200,Buy,324070320
2025-07-17 09:41:33,89.5,200,Buy,324070925
2025-07-17 09:41:38,89.5,1200,Buy,324071350
2025-07-17 09:41:38,89.5,300,Buy,324071349
2025-07-17 09:41:43,89.4,100,Sell,324071719
2025-07-17 09:41:46,89.5,700,Buy,324072064
2025-07-17 09:41:46,89.5,300,Buy,324072062
2025-07-17 09:41:55,89.5,400,Buy,324072881
2025-07-17 09:42:04,89.4,1000,Sell,324073752
2025-07-17 09:42:04,89.5,200,Buy,324073740
2025-07-17 09:42:18,89.4,100,Sell,324075235
2025-07-17 09:42:18,89.4,1400,Sell,324075234
2025-07-17 09:42:35,89.5,2000,Buy,324076819
2025-07-17 09:42:39,89.5,100,Buy,324077294
2025-07-17 09:42:39,89.5,200,Buy,324077293
2025-07-17 09:42:39,89.5,200,Buy,324077258
2025-07-17 09:42:39,89.5,1800,Buy,324077259
2025-07-17 09:42:39,89.5,200,Buy,324077295
2025-07-17 09:42:39,89.5,1200,Buy,324077292
2025-07-17 09:42:39,89.5,3000,Buy,324077307
2025-07-17 09:42:39,89.5,100,Buy,324077300
2025-07-17 09:42:39,89.5,100,Buy,324077296
2025-07-17 09:42:39,89.5,200,Buy,324077301
2025-07-17 09:42:39,89.5,100,Buy,324077302
2025-07-17 09:42:39,89.5,1200,Buy,324077299
2025-07-17 09:42:39,89.5,100,Buy,324077298
2025-07-17 09:42:39,89.5,200,Buy,324077297
2025-07-17 09:42:39,89.5,100,Buy,324077305
2025-07-17 09:42:39,89.5,200,Buy,324077311
2025-07-17 09:42:39,89.5,300,Buy,324077308
2025-07-17 09:42:39,89.5,500,Buy,324077303
2025-07-17 09:42:39,89.5,100,Buy,324077309
2025-07-17 09:42:39,89.5,300,Buy,324077310
2025-07-17 09:42:39,89.5,200,Buy,324077312
2025-07-17 09:42:39,89.5,300,Buy,324077313
2025-07-17 09:42:39,89.5,500,Buy,324077315
2025-07-17 09:42:39,89.5,2000,Buy,324077316
2025-07-17 09:42:39,89.5,100,Buy,324077318
2025-07-17 09:42:39,89.5,2100,Buy,324077319
2025-07-17 09:42:39,89.5,200,Buy,324077320
2025-07-17 09:42:39,89.5,2100,Buy,324077314
2025-07-17 09:42:39,89.5,100,Buy,324077306
2025-07-17 09:42:39,89.5,2000,Buy,324077317
2025-07-17 09:42:55,89.5,200,Sell,324078502
2025-07-17 09:42:55,89.5,100,Sell,324078503
2025-07-17 09:43:06,89.5,200,Buy,324079522
2025-07-17 09:43:06,89.5,600,Buy,324079534
2025-07-17 09:43:25,89.5,100,Buy,324080957
2025-07-17 09:43:57,89.5,900,Buy,324083661
2025-07-17 09:43:57,89.5,100,Buy,324083662
2025-07-17 09:43:57,89.5,4000,Buy,324083663
2025-07-17 09:43:59,89.5,500,Sell,324083832
2025-07-17 09:43:59,89.5,100,Buy,324083778
2025-07-17 09:43:59,89.5,2100,Buy,324083777
2025-07-17 09:43:59,89.5,1000,Buy,324083776
2025-07-17 09:44:15,89.5,1000,Sell,324085264
2025-07-17 09:44:18,89.6,200,Buy,324085543
2025-07-17 09:44:42,89.6,5000,Buy,324087127
2025-07-17 09:44:42,89.6,2000,Buy,324087128
2025-07-17 09:44:42,89.6,2000,Buy,324087144
2025-07-17 09:44:42,89.6,100,Buy,324087130
2025-07-17 09:44:42,89.6,3000,Buy,324087131
2025-07-17 09:44:42,89.6,100,Buy,324087132
2025-07-17 09:44:42,89.6,100,Buy,324087129
2025-07-17 09:44:42,89.6,300,Buy,324087126
2025-07-17 09:44:42,89.6,100,Buy,324087133
2025-07-17 09:44:42,89.6,100,Buy,324087134
2025-07-17 09:44:42,89.6,5000,Buy,324087135
2025-07-17 09:44:42,89.6,300,Buy,324087136
2025-07-17 09:44:42,89.6,1000,Buy,324087137
2025-07-17 09:44:42,89.6,400,Buy,324087138
2025-07-17 09:44:42,89.6,100,Buy,324087139
2025-07-17 09:44:42,89.6,100,Buy,324087140
2025-07-17 09:44:42,89.6,100,Buy,324087141
2025-07-17 09:44:42,89.6,100,Buy,324087142
2025-07-17 09:44:42,89.6,200,Buy,324087143
2025-07-17 09:44:42,89.6,1000,Buy,324087145
2025-07-17 09:44:42,89.6,100,Buy,324087146
2025-07-17 09:44:52,89.7,100,Buy,324087777
2025-07-17 09:44:52,89.7,200,Buy,324087781
2025-07-17 09:44:52,89.7,1000,Buy,324087780
2025-07-17 09:44:52,89.7,200,Buy,324087779
2025-07-17 09:44:52,89.7,20000,Buy,324087774
2025-07-17 09:44:52,89.7,1000,Buy,324087776
2025-07-17 09:44:52,89.7,30000,Buy,324087775
2025-07-17 09:44:52,89.7,300,Buy,324087771
2025-07-17 09:44:52,89.7,200,Buy,324087778
2025-07-17 09:44:53,89.7,700,Sell,324087817
2025-07-17 09:44:53,89.7,2100,Sell,324087841
2025-07-17 09:44:53,89.8,300,Buy,324087860
2025-07-17 09:44:53,89.8,100,Buy,324087861
2025-07-17 09:44:53,89.8,5000,Buy,324087863
2025-07-17 09:44:53,89.8,4100,Buy,324087867
2025-07-17 09:44:53,89.8,100,Buy,324087864
2025-07-17 09:44:53,89.8,600,Buy,324087865
2025-07-17 09:44:53,89.8,200,Buy,324087866
2025-07-17 09:44:53,89.8,2000,Buy,324087868
2025-07-17 09:44:53,89.8,6000,Buy,324087862
2025-07-17 09:45:00,89.8,100,Sell,324089067
2025-07-17 09:45:03,89.7,3400,Sell,324089297
2025-07-17 09:45:04,89.9,500,Buy,324089534
2025-07-17 09:45:04,89.9,100,Buy,324089535
2025-07-17 09:45:20,89.9,200,Buy,324090840
2025-07-17 09:45:38,89.9,200,Buy,324092584
2025-07-17 09:45:43,89.8,500,Sell,324092989
2025-07-17 09:45:43,89.9,100,Buy,324092976
2025-07-17 09:46:08,89.8,500,Buy,324094741
2025-07-17 09:46:08,89.7,100,Sell,324094706
2025-07-17 09:46:08,89.8,500,Buy,324094742
2025-07-17 09:46:12,89.7,600,Sell,324094955
2025-07-17 09:46:20,89.8,200,Buy,324095654
2025-07-17 09:46:22,89.7,100,Sell,324095906
2025-07-17 09:46:22,89.7,400,Sell,324095907
2025-07-17 09:46:26,89.6,500,Sell,324096213
2025-07-17 09:46:35,89.7,900,Buy,324096830
2025-07-17 09:46:35,89.7,1100,Buy,324096829
2025-07-17 09:46:39,89.7,2000,Buy,324097146
2025-07-17 09:46:40,89.7,300,Buy,324097209
2025-07-17 09:46:42,89.6,600,Sell,324097336
2025-07-17 09:46:43,89.6,100,Sell,324097511
2025-07-17 09:46:50,89.6,2100,Sell,324098161
2025-07-17 09:47:02,89.7,200,Buy,324099090
2025-07-17 09:47:06,89.6,200,Sell,324099329
2025-07-17 09:47:09,89.7,1700,Buy,324099429
2025-07-17 09:47:09,89.7,1200,Buy,324099430
2025-07-17 09:47:09,89.7,2500,Buy,324099431
2025-07-17 09:47:09,89.7,4000,Buy,324099432
2025-07-17 09:47:21,89.7,3000,Sell,324100349
2025-07-17 09:47:21,89.7,1100,Sell,324100348
2025-07-17 09:47:21,89.7,600,Sell,324100347
2025-07-17 09:47:44,89.7,1000,Sell,324102134
2025-07-17 09:47:49,89.7,1000,Sell,324102491
2025-07-17 09:47:49,89.7,1000,Sell,324102492
2025-07-17 09:48:03,89.7,3200,Sell,324103287
2025-07-17 09:48:03,89.7,500,Sell,324103288
2025-07-17 09:48:05,89.7,100,Sell,324103404
2025-07-17 09:48:13,89.7,1300,Sell,324104024
2025-07-17 09:48:16,89.7,2300,Sell,324104176
2025-07-17 09:48:16,89.7,100,Sell,324104243
2025-07-17 09:48:16,89.7,500,Sell,324104178
2025-07-17 09:48:24,89.7,300,Sell,324104716
2025-07-17 09:48:24,89.7,400,Sell,324104714
2025-07-17 09:48:24,89.7,3000,Sell,324104715
2025-07-17 09:48:36,89.6,800,Sell,324105486
2025-07-17 09:48:38,89.6,3400,Sell,324105619
2025-07-17 09:48:43,89.7,300,Buy,324105817
2025-07-17 09:48:50,89.6,100,Sell,324106142
2025-07-17 09:48:50,89.6,100,Sell,324106141
2025-07-17 09:48:50,89.6,3100,Sell,324106139
2025-07-17 09:48:50,89.6,1000,Sell,324106140
2025-07-17 09:48:54,89.6,100,Buy,324106350
2025-07-17 09:49:04,89.6,1300,Buy,324106896
2025-07-17 09:49:05,89.6,3000,Buy,324106999
2025-07-17 09:49:37,89.6,200,Buy,324108417
2025-07-17 09:49:43,89.6,1000,Buy,324108632
2025-07-17 09:49:43,89.6,800,Buy,324108631
2025-07-17 09:49:47,89.6,2000,Sell,324108861
2025-07-17 09:49:47,89.7,200,Buy,324108855
2025-07-17 09:50:09,89.6,1000,Sell,324110055
2025-07-17 09:50:12,89.7,600,Buy,324110236
2025-07-17 09:50:22,89.7,100,Buy,324110655
2025-07-17 09:50:34,89.7,100,Buy,324111213
2025-07-17 09:50:34,89.7,300,Buy,324111214
2025-07-17 09:50:44,89.7,100,Buy,324111657
2025-07-17 09:50:44,89.7,1300,Buy,324111658
2025-07-17 09:50:59,89.6,100,Sell,324112301
2025-07-17 09:50:59,89.6,200,Sell,324112300
2025-07-17 09:51:04,89.6,700,Buy,324112479
2025-07-17 09:51:13,89.6,100,Sell,324113001
2025-07-17 09:51:44,89.6,1800,Sell,324114479
2025-07-17 09:51:44,89.6,3200,Sell,324114480
2025-07-17 09:51:44,89.6,500,Sell,324114482
2025-07-17 09:51:44,89.6,100,Sell,324114483
2025-07-17 09:51:44,89.6,500,Buy,324114504
2025-07-17 09:51:44,89.6,200,Sell,324114477
2025-07-17 09:51:56,89.5,100,Sell,324115007
2025-07-17 09:52:15,89.6,2000,Buy,324115904
2025-07-17 09:52:19,89.6,2000,Buy,324116053
2025-07-17 09:52:22,89.5,100,Sell,324116319
2025-07-17 09:52:22,89.6,200,Buy,324116295
2025-07-17 09:52:43,89.5,2100,Sell,324117363
2025-07-17 09:52:49,89.6,100,Buy,324117698
2025-07-17 09:52:56,89.5,100,Sell,324118083
2025-07-17 09:53:08,89.5,100,Sell,324118629
2025-07-17 09:53:42,89.5,2000,Sell,324120204
2025-07-17 09:53:57,89.5,100,Sell,324120996
2025-07-17 09:54:07,89.5,400,Sell,324121540
2025-07-17 09:54:22,89.5,2000,Sell,324122327
2025-07-17 09:54:40,89.5,800,Sell,324123289
2025-07-17 09:54:40,89.5,500,Sell,324123288
2025-07-17 09:54:40,89.5,500,Sell,324123287
2025-07-17 09:54:40,89.5,100,Sell,324123290
2025-07-17 09:54:40,89.5,100,Sell,324123291
2025-07-17 09:54:56,89.6,8900,Buy,324124176
2025-07-17 09:55:43,89.6,100,Buy,324126271
2025-07-17 09:56:07,89.5,600,Sell,324127292
2025-07-17 09:56:08,89.5,100,Sell,324127324
2025-07-17 09:56:10,89.5,1000,Sell,324127441
2025-07-17 09:56:29,89.5,100,Sell,324128332
2025-07-17 09:56:38,89.5,2000,Sell,324128939
2025-07-17 09:56:56,89.5,200,Sell,324129856
2025-07-17 09:56:56,89.5,300,Sell,324129859
2025-07-17 09:57:10,89.5,100,Sell,324130649
2025-07-17 09:57:10,89.5,200,Sell,324130648
2025-07-17 09:57:10,89.5,100,Sell,324130650
2025-07-17 09:57:10,89.5,600,Sell,324130647
2025-07-17 09:57:37,89.5,1800,Sell,324132071
2025-07-17 09:57:37,89.5,300,Sell,324132070
2025-07-17 09:57:46,89.5,100,Sell,324132439
2025-07-17 09:57:48,89.5,200,Sell,324132508
2025-07-17 09:57:57,89.5,100,Sell,324132783
2025-07-17 09:58:18,89.5,500,Sell,324133803
2025-07-17 09:58:18,89.5,1800,Sell,324133800
2025-07-17 09:58:18,89.5,1000,Sell,324133802
2025-07-17 09:58:18,89.5,600,Sell,324133801
2025-07-17 09:58:18,89.5,200,Sell,324133793
2025-07-17 09:58:18,89.5,2800,Sell,324133792
2025-07-17 09:58:36,89.5,600,Buy,324134630
2025-07-17 09:59:22,89.4,100,Sell,324136908
2025-07-17 09:59:30,89.4,4600,Sell,324137224
2025-07-17 09:59:30,89.4,400,Sell,324137223
2025-07-17 09:59:34,89.4,1700,Sell,324137361
2025-07-17 09:59:34,89.4,400,Sell,324137360
2025-07-17 09:59:51,89.4,100,Sell,324138109
2025-07-17 09:59:51,89.4,1000,Sell,324138108
2025-07-17 09:59:51,89.4,300,Sell,324138107
2025-07-17 09:59:51,89.4,500,Sell,324138110
2025-07-17 10:00:08,89.4,200,Sell,324139186
2025-07-17 10:00:10,89.4,2000,Sell,324139272
2025-07-17 10:00:15,89.4,200,Sell,324139449
2025-07-17 10:00:16,89.4,1800,Sell,324139482
2025-07-17 10:00:33,89.4,300,Sell,324140188
2025-07-17 10:00:33,89.4,200,Sell,324140187
2025-07-17 10:00:33,89.4,1200,Sell,324140186
2025-07-17 10:00:33,89.4,300,Sell,324140185
2025-07-17 10:00:35,89.4,500,Sell,324140269
2025-07-17 10:00:46,89.4,300,Sell,324140761
2025-07-17 10:00:46,89.4,500,Sell,324140760
2025-07-17 10:00:46,89.4,2000,Sell,324140759
2025-07-17 10:00:46,89.4,1200,Sell,324140758
2025-07-17 10:01:42,89.4,2500,Buy,324143513
2025-07-17 10:02:21,89.4,1000,Buy,324145159
2025-07-17 10:02:31,89.4,500,Buy,324145648
2025-07-17 10:02:46,89.4,400,Buy,324146553
2025-07-17 10:02:55,89.4,100,Buy,324147153
2025-07-17 10:02:55,89.4,1600,Buy,324147152
2025-07-17 10:02:55,89.4,300,Buy,324147154
2025-07-17 10:02:58,89.4,100,Buy,324147240
2025-07-17 10:02:58,89.4,100,Buy,324147241
2025-07-17 10:02:58,89.4,1800,Buy,324147239
2025-07-17 10:03:01,89.4,500,Buy,324147381
2025-07-17 10:03:23,89.3,100,Sell,324149657
2025-07-17 10:03:29,89.3,100,Sell,324149994
2025-07-17 10:03:29,89.3,2000,Sell,324149995
2025-07-17 10:04:00,89.3,1000,Sell,324151224
2025-07-17 10:04:28,89.3,2000,Sell,324152547
2025-07-17 10:05:04,89.3,200,Sell,324154834
2025-07-17 10:05:11,89.3,600,Sell,324155247
2025-07-17 10:05:16,89.4,200,Buy,324155511
2025-07-17 10:05:51,89.4,100,Buy,324157413
2025-07-17 10:07:07,89.3,700,Sell,324161816
2025-07-17 10:07:07,89.3,100,Sell,324161815
2025-07-17 10:07:07,89.3,200,Sell,324161814
2025-07-17 10:07:25,89.3,2100,Sell,324162813
2025-07-17 10:08:13,89.3,100,Sell,324167118
2025-07-17 10:09:14,89.4,700,Buy,324172001
2025-07-17 10:09:14,89.4,1300,Buy,324172002
2025-07-17 10:09:30,89.4,700,Buy,324173177
2025-07-17 10:09:30,89.4,1500,Buy,324173178
2025-07-17 10:09:30,89.4,800,Buy,324173179
2025-07-17 10:09:39,89.4,200,Buy,324174229
2025-07-17 10:09:39,89.4,2500,Buy,324174224
2025-07-17 10:09:39,89.4,200,Buy,324174225
2025-07-17 10:09:39,89.4,2100,Buy,324174226
2025-07-17 10:09:39,89.4,2000,Buy,324174227
2025-07-17 10:09:39,89.4,400,Buy,324174228
2025-07-17 10:09:39,89.5,100,Buy,324174239
2025-07-17 10:09:39,89.4,200,Buy,324174223
2025-07-17 10:09:39,89.5,2000,Buy,324174232
2025-07-17 10:09:39,89.5,100,Buy,324174233
2025-07-17 10:09:39,89.5,500,Buy,324174234
2025-07-17 10:09:39,89.5,100,Buy,324174235
2025-07-17 10:09:39,89.5,100,Buy,324174236
2025-07-17 10:09:39,89.5,1100,Buy,324174230
2025-07-17 10:09:39,89.5,100,Buy,324174231
2025-07-17 10:09:39,89.5,100,Buy,324174238
2025-07-17 10:09:39,89.6,2100,Buy,324174246
2025-07-17 10:09:39,89.5,500,Buy,324174240
2025-07-17 10:09:39,89.5,6200,Buy,324174241
2025-07-17 10:09:39,89.5,27000,Buy,324174242
2025-07-17 10:09:39,89.6,12400,Buy,324174243
2025-07-17 10:09:39,89.6,1300,Buy,324174244
2025-07-17 10:09:39,89.6,3000,Buy,324174245
2025-07-17 10:09:39,89.6,200,Buy,324174248
2025-07-17 10:09:39,89.5,100,Buy,324174237
2025-07-17 10:09:39,89.6,1000,Buy,324174250
2025-07-17 10:09:39,89.6,100,Buy,324174251
2025-07-17 10:09:39,89.6,200,Buy,324174252
2025-07-17 10:09:39,89.6,100,Buy,324174253
2025-07-17 10:09:39,89.6,300,Buy,324174254
2025-07-17 10:09:39,89.6,1000,Buy,324174247
2025-07-17 10:09:39,89.6,1000,Buy,324174249
2025-07-17 10:10:14,89.7,100,Buy,324178214
2025-07-17 10:10:14,89.7,2100,Buy,324178216
2025-07-17 10:10:14,89.7,400,Buy,324178217
2025-07-17 10:10:14,89.7,4000,Buy,324178220
2025-07-17 10:10:14,89.7,2100,Buy,324178218
2025-07-17 10:10:14,89.7,100,Buy,324178224
2025-07-17 10:10:14,89.7,300,Buy,324178221
2025-07-17 10:10:14,89.7,500,Buy,324178222
2025-07-17 10:10:14,89.7,500,Buy,324178223
2025-07-17 10:10:14,89.7,100,Buy,324178225
2025-07-17 10:10:22,89.6,1000,Sell,324178781
2025-07-17 10:10:32,89.7,200,Buy,324179557
2025-07-17 10:10:56,89.7,300,Sell,324182647
2025-07-17 10:10:56,89.7,500,Sell,324182648
2025-07-17 10:11:00,89.7,100,Buy,324183176
2025-07-17 10:11:09,89.7,300,Buy,324184534
2025-07-17 10:11:13,89.7,800,Buy,324185032
2025-07-17 10:11:14,89.8,1300,Buy,324185186
2025-07-17 10:11:14,89.8,8900,Buy,324185187
2025-07-17 10:11:14,89.8,1000,Buy,324185188
2025-07-17 10:11:14,89.8,900,Buy,324185189
2025-07-17 10:11:23,89.8,2100,Buy,324186513
2025-07-17 10:11:23,89.8,1000,Buy,324186515
2025-07-17 10:11:23,89.8,300,Buy,324186514
2025-07-17 10:11:23,89.8,5000,Buy,324186517
2025-07-17 10:11:23,89.8,100,Buy,324186518
2025-07-17 10:11:23,89.8,1400,Buy,324186516
2025-07-17 10:11:41,89.9,4000,Buy,324188457
2025-07-17 10:11:49,89.9,100,Buy,324189432
2025-07-17 10:11:49,89.9,5000,Buy,324189427
2025-07-17 10:11:49,89.9,200,Buy,324189428
2025-07-17 10:11:49,89.9,300,Buy,324189429
2025-07-17 10:11:49,89.9,100,Buy,324189430
2025-07-17 10:11:49,89.9,100,Buy,324189431
2025-07-17 10:11:49,89.9,100,Buy,324189433
2025-07-17 10:11:49,89.9,5400,Buy,324189426
2025-07-17 10:11:49,89.9,5000,Buy,324189435
2025-07-17 10:11:49,89.9,2000,Buy,324189436
2025-07-17 10:11:49,89.9,100,Buy,324189437
2025-07-17 10:11:49,89.9,300,Buy,324189438
2025-07-17 10:11:49,89.9,300,Buy,324189439
2025-07-17 10:11:49,89.9,100,Buy,324189440
2025-07-17 10:11:49,89.9,100,Buy,324189434
2025-07-17 10:12:19,90.0,300,Buy,324192297
2025-07-17 10:12:21,90.0,700,Buy,324192476
2025-07-17 10:12:23,89.9,100,Sell,324192640
2025-07-17 10:12:24,89.9,100,Sell,324192717
2025-07-17 10:12:33,89.9,100,Sell,324193625
2025-07-17 10:12:34,89.9,100,Sell,324193660
2025-07-17 10:12:34,89.9,900,Sell,324193661
2025-07-17 10:12:35,90.0,100,Buy,324193721
2025-07-17 10:12:41,90.0,300,Buy,324194220
2025-07-17 10:12:41,90.0,1100,Buy,324194224
2025-07-17 10:12:48,89.9,100,Sell,324194842
2025-07-17 10:12:56,89.9,100,Sell,324195509
2025-07-17 10:12:57,90.0,500,Buy,324195714
2025-07-17 10:12:57,90.0,500,Buy,324195715
2025-07-17 10:13:24,90.0,500,Buy,324197804
2025-07-17 10:13:24,90.0,100,Buy,324197803
2025-07-17 10:13:24,90.0,200,Buy,324197802
2025-07-17 10:13:24,90.0,100,Buy,324197799
2025-07-17 10:13:24,90.0,400,Buy,324197798
2025-07-17 10:13:24,90.0,100,Buy,324197800
2025-07-17 10:13:30,90.0,100,Buy,324198292
2025-07-17 10:13:30,90.0,100,Buy,324198293
2025-07-17 10:13:30,90.0,300,Buy,324198291
2025-07-17 10:13:30,90.0,500,Buy,324198290
2025-07-17 10:13:41,90.0,400,Buy,324199240
2025-07-17 10:13:44,89.9,3000,Sell,324199586
2025-07-17 10:13:44,89.9,200,Sell,324199587
2025-07-17 10:13:44,89.9,500,Sell,324199589
2025-07-17 10:13:44,89.9,1300,Sell,324199590
2025-07-17 10:13:44,89.9,5000,Sell,324199585
2025-07-17 10:13:56,89.9,100,Sell,324200836
2025-07-17 10:13:56,89.9,3700,Sell,324200835
2025-07-17 10:14:04,89.9,200,Buy,324201687
2025-07-17 10:14:05,89.9,300,Buy,324201712
2025-07-17 10:14:08,89.9,300,Buy,324202021
2025-07-17 10:14:08,89.9,700,Buy,324202019
2025-07-17 10:14:08,89.9,300,Buy,324202020
2025-07-17 10:14:12,89.9,400,Buy,324202555
2025-07-17 10:14:12,89.9,200,Buy,324202556
2025-07-17 10:14:13,89.9,500,Sell,324202580
2025-07-17 10:14:41,90.0,400,Buy,324204810
2025-07-17 10:14:41,90.0,4500,Buy,324204807
2025-07-17 10:14:41,90.0,100,Buy,324204809
2025-07-17 10:14:46,90.0,100,Buy,324205240
2025-07-17 10:14:46,90.0,1000,Buy,324205239
2025-07-17 10:14:46,90.0,300,Buy,324205238
2025-07-17 10:14:46,90.0,100,Buy,324205263
2025-07-17 10:14:46,90.0,100,Buy,324205235
2025-07-17 10:14:46,90.0,2000,Buy,324205261
2025-07-17 10:14:46,90.0,100,Buy,324205241
2025-07-17 10:14:46,90.0,100,Buy,324205237
2025-07-17 10:14:46,90.0,3000,Buy,324205242
2025-07-17 10:14:46,90.0,100,Buy,324205269
2025-07-17 10:14:46,90.0,4700,Buy,324205264
2025-07-17 10:14:46,90.0,500,Buy,324205265
2025-07-17 10:14:46,90.0,100,Buy,324205266
2025-07-17 10:14:46,90.0,1000,Buy,324205267
2025-07-17 10:14:46,90.0,15400,Buy,324205270
2025-07-17 10:14:46,90.0,100,Buy,324205262
2025-07-17 10:14:46,90.0,300,Buy,324205236
2025-07-17 10:14:50,90.0,800,Buy,324205651
2025-07-17 10:14:50,90.0,1000,Buy,324205652
2025-07-17 10:14:50,90.0,2000,Buy,324205649
2025-07-17 10:14:50,90.0,100,Buy,324205654
2025-07-17 10:14:50,90.0,1700,Buy,324205655
2025-07-17 10:14:50,90.0,400,Buy,324205653
2025-07-17 10:14:52,90.0,400,Buy,324205751
2025-07-17 10:14:52,90.0,1000,Buy,324205752
2025-07-17 10:14:59,90.0,1300,Buy,324206338
2025-07-17 10:14:59,90.0,500,Buy,324206337
2025-07-17 10:14:59,90.0,15000,Buy,324206310
2025-07-17 10:14:59,90.0,1900,Buy,324206335
2025-07-17 10:14:59,90.0,100,Buy,324206339
2025-07-17 10:14:59,90.0,100,Buy,324206336
2025-07-17 10:14:59,90.0,100,Buy,324206340
2025-07-17 10:14:59,90.0,1000,Buy,324206351
2025-07-17 10:14:59,90.0,100,Buy,324206342
2025-07-17 10:14:59,90.0,6900,Buy,324206343
2025-07-17 10:14:59,90.0,500,Buy,324206344
2025-07-17 10:14:59,90.0,100,Buy,324206345
2025-07-17 10:14:59,90.0,500,Buy,324206346
2025-07-17 10:14:59,90.0,100,Buy,324206347
2025-07-17 10:14:59,90.0,600,Buy,324206349
2025-07-17 10:14:59,90.0,300,Buy,324206341
2025-07-17 10:14:59,90.0,1000,Buy,324206350
2025-07-17 10:14:59,90.0,100,Buy,324206348
2025-07-17 10:14:59,90.0,500,Buy,324206364
2025-07-17 10:14:59,90.0,200,Buy,324206353
2025-07-17 10:14:59,90.0,2400,Buy,324206352
2025-07-17 10:14:59,90.0,300,Buy,324206358
2025-07-17 10:14:59,90.0,100,Buy,324206360
2025-07-17 10:14:59,90.0,100,Buy,324206361
2025-07-17 10:14:59,90.0,1000,Buy,324206362
2025-07-17 10:14:59,90.0,100,Buy,324206363
2025-07-17 10:14:59,90.0,100,Buy,324206359
2025-07-17 10:14:59,90.0,500,Buy,324206365
2025-07-17 10:14:59,90.0,100,Buy,324206367
2025-07-17 10:14:59,90.0,100,Buy,324206368
2025-07-17 10:14:59,90.0,200,Buy,324206375
2025-07-17 10:14:59,90.0,900,Buy,324206376
2025-07-17 10:14:59,90.0,1000,Buy,324206377
2025-07-17 10:14:59,90.0,1000,Buy,324206378
2025-07-17 10:14:59,90.0,200,Buy,324206366
2025-07-17 10:15:02,90.0,400,Buy,324207003
2025-07-17 10:15:02,90.0,200,Buy,324207005
2025-07-17 10:15:02,90.0,2000,Buy,324207006
2025-07-17 10:15:02,90.0,300,Buy,324207012
2025-07-17 10:15:02,90.0,100,Buy,324207004
2025-07-17 10:15:06,90.0,10000,Buy,324207389
2025-07-17 10:15:08,90.0,500,Buy,324207642
2025-07-17 10:15:10,90.0,3000,Buy,324207700
2025-07-17 10:15:14,90.0,5000,Buy,324208092
2025-07-17 10:15:15,90.0,200,Buy,324208138
2025-07-17 10:15:16,90.0,100,Buy,324208227
2025-07-17 10:15:18,90.0,2400,Buy,324208438
2025-07-17 10:15:18,90.0,100,Buy,324208437
2025-07-17 10:15:18,90.0,100,Buy,324208436
2025-07-17 10:15:18,90.0,100,Buy,324208435
2025-07-17 10:15:18,90.0,900,Buy,324208429
2025-07-17 10:15:18,90.0,100,Buy,324208433
2025-07-17 10:15:18,90.0,100,Buy,324208431
2025-07-17 10:15:18,90.0,100,Buy,324208430
2025-07-17 10:15:18,90.0,100,Buy,324208434
2025-07-17 10:15:21,90.0,2000,Buy,324208697
2025-07-17 10:15:25,90.0,2000,Buy,324209092
2025-07-17 10:15:26,90.0,100,Buy,324209225
2025-07-17 10:15:27,90.0,500,Buy,324209237
2025-07-17 10:15:27,90.0,100,Buy,324209233
2025-07-17 10:15:27,90.0,100,Buy,324209235
2025-07-17 10:15:27,90.0,300,Buy,324209236
2025-07-17 10:15:27,90.0,100,Buy,324209246
2025-07-17 10:15:27,90.0,100,Buy,324209238
2025-07-17 10:15:27,90.0,1100,Buy,324209244
2025-07-17 10:15:27,90.0,300,Buy,324209240
2025-07-17 10:15:27,90.0,10000,Buy,324209241
2025-07-17 10:15:27,90.0,200,Buy,324209242
2025-07-17 10:15:27,90.0,100,Buy,324209243
2025-07-17 10:15:27,90.0,3500,Buy,324209232
2025-07-17 10:15:27,90.0,100,Buy,324209239
2025-07-17 10:15:27,90.0,1300,Buy,324209234
2025-07-17 10:15:27,90.0,200,Buy,324209245
2025-07-17 10:15:27,90.0,500,Buy,324209252
2025-07-17 10:15:27,90.0,100,Buy,324209247
2025-07-17 10:15:27,90.0,600,Buy,324209255
2025-07-17 10:15:27,90.0,100,Buy,324209261
2025-07-17 10:15:27,90.0,100,Buy,324209259
2025-07-17 10:15:27,90.0,100,Buy,324209258
2025-07-17 10:15:27,90.0,100,Buy,324209257
2025-07-17 10:15:27,90.0,10000,Buy,324209256
2025-07-17 10:15:27,90.0,100,Buy,324209260
2025-07-17 10:15:27,90.0,100,Buy,324209254
2025-07-17 10:15:27,90.0,200,Buy,324209253
2025-07-17 10:15:27,90.0,300,Buy,324209251
2025-07-17 10:15:27,90.0,700,Buy,324209250
2025-07-17 10:15:27,90.0,100,Buy,324209249
2025-07-17 10:15:27,90.0,100,Buy,324209248
2025-07-17 10:15:42,90.1,500,Buy,324210323
2025-07-17 10:15:42,90.1,300,Buy,324210325
2025-07-17 10:15:42,90.1,200,Buy,324210326
2025-07-17 10:15:42,90.1,100,Buy,324210327
2025-07-17 10:15:42,90.1,100,Buy,324210329
2025-07-17 10:15:42,90.1,800,Buy,324210330
2025-07-17 10:15:44,90.1,100,Buy,324210479
2025-07-17 10:15:44,90.2,100,Buy,324210482
2025-07-17 10:15:44,90.1,700,Buy,324210478
2025-07-17 10:15:44,90.1,400,Buy,324210480
2025-07-17 10:15:44,90.2,900,Buy,324210486
2025-07-17 10:15:44,90.2,500,Buy,324210483
2025-07-17 10:15:44,90.2,100,Buy,324210485
2025-07-17 10:15:44,90.2,200,Buy,324210484
2025-07-17 10:15:44,90.2,200,Buy,324210481
2025-07-17 10:15:52,90.2,1100,Buy,324211113
2025-07-17 10:15:52,90.2,1100,Buy,324211114
2025-07-17 10:16:02,90.2,100,Buy,324211671
2025-07-17 10:16:02,90.2,200,Buy,324211672
2025-07-17 10:16:02,90.2,1900,Buy,324211669
2025-07-17 10:16:02,90.2,400,Buy,324211670
2025-07-17 10:16:03,90.3,100,Buy,324211840
2025-07-17 10:16:04,90.3,300,Buy,324211954
2025-07-17 10:16:04,90.3,200,Buy,324211953
2025-07-17 10:16:10,90.3,700,Buy,324212425
2025-07-17 10:16:10,90.3,100,Buy,324212426
2025-07-17 10:16:10,90.3,100,Buy,324212427
2025-07-17 10:16:11,90.3,600,Sell,324212536
2025-07-17 10:16:11,90.3,1500,Sell,324212535
2025-07-17 10:16:16,90.3,100,Sell,324212883
2025-07-17 10:16:20,90.4,200,Buy,324213089
2025-07-17 10:16:20,90.4,100,Buy,324213088
2025-07-17 10:16:20,90.4,500,Buy,324213090
2025-07-17 10:16:23,90.4,100,Buy,324213430
2025-07-17 10:16:36,90.5,900,Buy,324214425
2025-07-17 10:16:36,90.5,100,Buy,324214424
2025-07-17 10:16:36,90.5,200,Buy,324214423
2025-07-17 10:16:36,90.5,500,Buy,324214421
2025-07-17 10:16:36,90.5,100,Buy,324214419
2025-07-17 10:16:36,90.5,100,Buy,324214422
2025-07-17 10:16:36,90.5,100,Buy,324214420
2025-07-17 10:16:41,90.4,100,Sell,324214706
2025-07-17 10:16:41,90.4,100,Sell,324214708
2025-07-17 10:16:42,90.5,1300,Buy,324214762
2025-07-17 10:16:45,90.5,400,Buy,324214962
2025-07-17 10:16:52,90.5,400,Buy,324215382
2025-07-17 10:16:52,90.5,100,Buy,324215384
2025-07-17 10:16:53,90.5,2900,Buy,324215446
2025-07-17 10:16:53,90.5,100,Buy,324215445
2025-07-17 10:16:53,90.5,1000,Buy,324215444
2025-07-17 10:16:53,90.5,400,Buy,324215442
2025-07-17 10:16:53,90.5,100,Buy,324215440
2025-07-17 10:16:53,90.5,100,Buy,324215443
2025-07-17 10:16:53,90.5,300,Buy,324215441
2025-07-17 10:16:55,90.5,100,Buy,324215644
2025-07-17 10:16:56,90.5,17300,Buy,324215659
2025-07-17 10:16:59,90.5,100,Buy,324215838
2025-07-17 10:17:01,90.5,5000,Buy,324215919
2025-07-17 10:17:02,90.5,9600,Buy,324215944
2025-07-17 10:17:02,90.5,400,Buy,324215945
2025-07-17 10:17:03,90.5,400,Buy,324215959
2025-07-17 10:17:03,90.5,200,Buy,324215960
2025-07-17 10:17:03,90.5,100,Buy,324215961
2025-07-17 10:17:03,90.5,700,Buy,324215962
2025-07-17 10:17:03,90.5,100,Buy,324215963
2025-07-17 10:17:05,90.5,7200,Buy,324216084
2025-07-17 10:17:05,90.5,1600,Buy,324216080
2025-07-17 10:17:06,90.5,1500,Buy,324216225
2025-07-17 10:17:18,90.5,100,Buy,324217224
2025-07-17 10:17:23,90.5,2000,Buy,324217553
2025-07-17 10:17:26,90.5,100,Buy,324217764
2025-07-17 10:17:29,90.5,100,Buy,324217935
2025-07-17 10:17:33,90.5,100,Buy,324218314
2025-07-17 10:17:34,90.5,2900,Buy,324218424
2025-07-17 10:17:34,90.5,100,Buy,324218430
2025-07-17 10:17:34,90.5,100,Buy,324218425
2025-07-17 10:17:34,90.5,500,Buy,324218427
2025-07-17 10:17:34,90.5,1000,Buy,324218429
2025-07-17 10:17:34,90.5,100,Buy,324218428
2025-07-17 10:17:34,90.5,100,Buy,324218431
2025-07-17 10:17:34,90.5,2000,Buy,324218434
2025-07-17 10:17:34,90.5,500,Buy,324218433
2025-07-17 10:17:34,90.5,100,Buy,324218435
2025-07-17 10:17:34,90.5,500,Buy,324218436
2025-07-17 10:17:34,90.5,100,Buy,324218432
2025-07-17 10:17:38,90.6,100,Buy,324218774
2025-07-17 10:17:38,90.6,100,Buy,324218776
2025-07-17 10:17:38,90.6,200,Buy,324218777
2025-07-17 10:17:38,90.6,600,Buy,324218778
2025-07-17 10:17:39,90.5,100,Sell,324218859
2025-07-17 10:17:45,90.6,700,Buy,324219279
2025-07-17 10:17:46,90.6,1000,Buy,324219344
2025-07-17 10:17:46,90.6,300,Buy,324219343
2025-07-17 10:17:48,90.6,800,Buy,324219432
2025-07-17 10:17:50,90.6,300,Buy,324219567
2025-07-17 10:17:51,90.6,900,Buy,324219687
2025-07-17 10:17:51,90.6,100,Buy,324219688
2025-07-17 10:17:51,90.6,200,Buy,324219689
2025-07-17 10:17:51,90.6,500,Buy,324219690
2025-07-17 10:17:51,90.6,100,Buy,324219691
2025-07-17 10:17:59,90.7,100,Buy,324220342
2025-07-17 10:17:59,90.7,100,Buy,324220343
2025-07-17 10:17:59,90.7,100,Buy,324220344
2025-07-17 10:17:59,90.7,100,Buy,324220345
2025-07-17 10:18:04,90.7,2100,Sell,324220644
2025-07-17 10:18:17,90.7,500,Sell,324221373
2025-07-17 10:18:18,90.7,1000,Sell,324221437
2025-07-17 10:18:27,90.7,1000,Sell,324222097
2025-07-17 10:18:27,90.7,100,Sell,324222098
2025-07-17 10:18:27,90.7,100,Sell,324222099
2025-07-17 10:18:27,90.7,2000,Sell,324222100
2025-07-17 10:18:28,90.7,100,Buy,324222227
2025-07-17 10:18:31,90.7,200,Buy,324222374
2025-07-17 10:18:31,90.7,100,Sell,324222375
2025-07-17 10:18:31,90.7,1500,Buy,324222370
2025-07-17 10:18:35,90.7,100,Sell,324222633
2025-07-17 10:18:38,90.7,100,Sell,324222788
2025-07-17 10:18:40,90.8,100,Buy,324222954
2025-07-17 10:18:40,90.8,100,Buy,324222955
2025-07-17 10:18:40,90.8,700,Buy,324222956
2025-07-17 10:18:43,90.8,400,Buy,324223067
2025-07-17 10:18:43,90.8,100,Buy,324223068
2025-07-17 10:18:43,90.8,200,Buy,324223069
2025-07-17 10:18:43,90.8,300,Buy,324223070
2025-07-17 10:18:56,90.8,400,Buy,324224075
2025-07-17 10:18:56,90.8,100,Buy,324224073
2025-07-17 10:18:56,90.8,700,Buy,324224071
2025-07-17 10:18:56,90.8,900,Buy,324224072
2025-07-17 10:18:56,90.8,1000,Buy,324224074
2025-07-17 10:18:56,90.8,300,Buy,324224077
2025-07-17 10:18:56,90.8,5000,Buy,324224076
2025-07-17 10:18:56,90.8,300,Sell,324224112
2025-07-17 10:18:56,90.8,100,Buy,324224078
2025-07-17 10:18:59,90.8,2000,Sell,324224368
2025-07-17 10:19:02,90.8,100,Sell,324224553
2025-07-17 10:19:12,90.9,100,Buy,324225145
2025-07-17 10:19:12,90.9,100,Buy,324225154
2025-07-17 10:19:12,90.9,1600,Buy,324225149
2025-07-17 10:19:12,90.9,3400,Buy,324225150
2025-07-17 10:19:12,90.9,100,Buy,324225152
2025-07-17 10:19:12,90.9,300,Buy,324225153
2025-07-17 10:19:12,90.9,100,Buy,324225151
2025-07-17 10:19:12,90.9,200,Buy,324225155
2025-07-17 10:19:12,90.9,100,Buy,324225156
2025-07-17 10:19:12,90.9,100,Buy,324225157
2025-07-17 10:19:12,90.9,100,Buy,324225158
2025-07-17 10:19:12,90.9,1000,Buy,324225160
2025-07-17 10:19:12,90.9,1300,Buy,324225161
2025-07-17 10:19:12,90.9,100,Buy,324225159
2025-07-17 10:19:13,91.0,2000,Buy,324225253
2025-07-17 10:19:13,91.0,1000,Buy,324225252
2025-07-17 10:19:13,91.0,100,Buy,324225251
2025-07-17 10:19:13,91.0,200,Buy,324225250
2025-07-17 10:19:13,91.0,100,Buy,324225248
2025-07-17 10:19:13,90.9,1300,Buy,324225244
2025-07-17 10:19:13,91.0,100,Buy,324225245
2025-07-17 10:19:13,91.0,200,Buy,324225256
2025-07-17 10:19:13,91.0,300,Buy,324225247
2025-07-17 10:19:13,91.0,100,Buy,324225254
2025-07-17 10:19:13,91.0,10000,Buy,324225246
2025-07-17 10:19:13,91.0,1000,Buy,324225255
2025-07-17 10:19:13,91.0,100,Buy,324225262
2025-07-17 10:19:13,91.0,100,Buy,324225257
2025-07-17 10:19:13,91.0,1000,Buy,324225264
2025-07-17 10:19:13,91.0,200,Buy,324225258
2025-07-17 10:19:13,91.0,100,Buy,324225276
2025-07-17 10:19:13,91.0,5000,Buy,324225267
2025-07-17 10:19:13,91.0,100,Buy,324225266
2025-07-17 10:19:13,91.0,200,Buy,324225265
2025-07-17 10:19:13,91.0,200,Buy,324225263
2025-07-17 10:19:13,91.0,1500,Buy,324225261
2025-07-17 10:19:13,91.0,5000,Buy,324225260
2025-07-17 10:19:13,91.0,100,Buy,324225259
2025-07-17 10:19:13,91.0,100,Buy,324225249
2025-07-17 10:19:14,90.8,1200,Sell,324225329
2025-07-17 10:19:15,91.0,1100,Buy,324225371
2025-07-17 10:19:15,91.0,1000,Buy,324225406
2025-07-17 10:19:15,91.0,300,Buy,324225375
2025-07-17 10:19:21,91.0,5000,Buy,324225850
2025-07-17 10:19:21,91.0,1000,Buy,324225841
2025-07-17 10:19:21,91.0,100,Buy,324225842
2025-07-17 10:19:21,91.0,3000,Buy,324225844
2025-07-17 10:19:21,91.0,500,Buy,324225845
2025-07-17 10:19:21,91.0,1000,Buy,324225846
2025-07-17 10:19:21,91.0,1000,Buy,324225847
2025-07-17 10:19:21,91.0,1000,Buy,324225848
2025-07-17 10:19:21,91.0,700,Buy,324225851
2025-07-17 10:19:21,91.0,1500,Buy,324225843
2025-07-17 10:19:21,91.0,200,Buy,324225852
2025-07-17 10:19:21,91.0,100,Buy,324225853
2025-07-17 10:19:21,91.0,100,Buy,324225854
2025-07-17 10:19:21,91.0,200,Buy,324225855
2025-07-17 10:19:21,91.0,100,Buy,324225856
2025-07-17 10:19:21,91.0,100,Buy,324225857
2025-07-17 10:19:21,91.0,200,Buy,324225858
2025-07-17 10:19:21,91.0,400,Buy,324225859
2025-07-17 10:19:21,91.0,1200,Buy,324225860
2025-07-17 10:19:21,91.0,400,Buy,324225840
2025-07-17 10:19:21,91.0,100,Buy,324225849
2025-07-17 10:19:27,91.0,200,Buy,324226306
2025-07-17 10:19:27,91.0,300,Buy,324226308
2025-07-17 10:19:27,91.0,100,Buy,324226307
2025-07-17 10:19:29,91.0,200,Buy,324226419
2025-07-17 10:19:29,91.0,300,Buy,324226421
2025-07-17 10:19:34,91.0,500,Buy,324226753
2025-07-17 10:19:34,91.0,100,Buy,324226746
2025-07-17 10:19:34,91.0,500,Buy,324226747
2025-07-17 10:19:34,91.0,100,Buy,324226749
2025-07-17 10:19:34,91.0,200,Buy,324226750
2025-07-17 10:19:34,91.0,200,Buy,324226751
2025-07-17 10:19:34,91.0,1000,Buy,324226752
2025-07-17 10:19:34,91.0,100,Buy,324226765
2025-07-17 10:19:34,91.0,200,Buy,324226745
2025-07-17 10:19:34,91.0,100,Buy,324226756
2025-07-17 10:19:34,91.0,1000,Buy,324226757
2025-07-17 10:19:34,91.0,500,Buy,324226759
2025-07-17 10:19:34,91.0,400,Buy,324226760
2025-07-17 10:19:34,91.0,100,Buy,324226761
2025-07-17 10:19:34,91.0,100,Buy,324226762
2025-07-17 10:19:34,91.0,500,Buy,324226763
2025-07-17 10:19:34,91.0,1600,Buy,324226754
2025-07-17 10:19:34,91.0,100,Buy,324226755
2025-07-17 10:19:34,91.0,600,Buy,324226764
2025-07-17 10:19:34,91.0,500,Buy,324226768
2025-07-17 10:19:34,91.0,500,Buy,324226766
2025-07-17 10:19:34,91.0,300,Buy,324226769
2025-07-17 10:19:34,91.0,500,Buy,324226770
2025-07-17 10:19:34,91.0,1000,Buy,324226771
2025-07-17 10:19:34,91.0,300,Buy,324226772
2025-07-17 10:19:34,91.0,300,Buy,324226773
2025-07-17 10:19:34,91.0,100,Buy,324226774
2025-07-17 10:19:34,91.0,100,Buy,324226775
2025-07-17 10:19:34,91.0,100,Buy,324226777
2025-07-17 10:19:34,91.0,300,Buy,324226748
2025-07-17 10:19:34,91.1,1600,Buy,324226779
2025-07-17 10:19:34,91.1,200,Buy,324226780
2025-07-17 10:19:34,91.1,500,Buy,324226792
2025-07-17 10:19:34,91.0,100,Buy,324226767
2025-07-17 10:19:34,91.1,100,Buy,324226793
2025-07-17 10:19:34,91.2,500,Buy,324226794
2025-07-17 10:19:34,91.2,700,Buy,324226795
2025-07-17 10:19:34,91.0,5000,Buy,324226776
2025-07-17 10:19:34,91.0,1200,Buy,324226778
2025-07-17 10:19:37,91.2,100,Buy,324226968
2025-07-17 10:19:37,91.2,200,Buy,324226967
2025-07-17 10:19:37,91.2,300,Buy,324226966
2025-07-17 10:19:40,91.2,2400,Buy,324227151
2025-07-17 10:19:40,91.2,500,Buy,324227150
2025-07-17 10:19:40,91.2,100,Buy,324227146
2025-07-17 10:19:43,91.2,100,Buy,324227459
2025-07-17 10:19:43,91.2,2600,Buy,324227457
2025-07-17 10:19:43,91.2,500,Buy,324227458
2025-07-17 10:19:54,91.3,200,Buy,324228267
2025-07-17 10:19:54,91.3,100,Buy,324228268
2025-07-17 10:19:54,91.3,2400,Buy,324228270
2025-07-17 10:19:54,91.3,300,Buy,324228269
2025-07-17 10:19:57,91.3,1000,Buy,324228695
2025-07-17 10:19:57,91.3,400,Buy,324228696
2025-07-17 10:20:00,91.3,1000,Buy,324228826
2025-07-17 10:20:01,91.3,400,Buy,324228938
2025-07-17 10:20:07,91.3,10000,Buy,324229469
2025-07-17 10:20:09,91.3,200,Buy,324229670
2025-07-17 10:20:11,91.3,2700,Buy,324229779
2025-07-17 10:20:13,91.3,1200,Buy,324229894
2025-07-17 10:20:15,91.2,200,Sell,324230153
2025-07-17 10:20:15,91.2,800,Sell,324230158
2025-07-17 10:20:15,91.2,100,Sell,324230157
2025-07-17 10:20:15,91.2,1800,Sell,324230152
2025-07-17 10:20:15,91.2,100,Sell,324230154
2025-07-17 10:20:15,91.2,500,Sell,324230156
2025-07-17 10:20:17,91.2,100,Buy,324230307
2025-07-17 10:20:24,91.2,7000,Buy,324230789
2025-07-17 10:20:30,91.1,500,Sell,324231248
2025-07-17 10:20:30,91.1,1000,Sell,324231249
2025-07-17 10:20:30,91.0,300,Sell,324231251
2025-07-17 10:20:30,91.1,200,Sell,324231250
2025-07-17 10:20:38,91.1,100,Buy,324231781
2025-07-17 10:20:41,91.0,100,Sell,324231956
2025-07-17 10:20:41,91.1,100,Buy,324231963
2025-07-17 10:20:46,91.2,8000,Buy,324232360
2025-07-17 10:20:51,91.2,100,Buy,324232691
2025-07-17 10:20:51,91.2,500,Sell,324232797
2025-07-17 10:20:51,91.2,100,Buy,324232689
2025-07-17 10:20:59,91.2,200,Buy,324233408
2025-07-17 10:21:01,91.1,800,Sell,324233537
2025-07-17 10:21:12,91.1,100,Sell,324234286
2025-07-17 10:21:12,91.1,100,Sell,324234287
2025-07-17 10:21:15,91.2,100,Buy,324234452
2025-07-17 10:21:20,91.2,100,Buy,324235043
2025-07-17 10:21:22,91.1,200,Sell,324235197
2025-07-17 10:21:27,91.2,1000,Buy,324235508
2025-07-17 10:21:36,91.2,100,Buy,324236259
2025-07-17 10:21:37,91.2,100,Buy,324236294
2025-07-17 10:21:37,91.2,500,Buy,324236293
2025-07-17 10:21:37,91.2,5000,Buy,324236290
2025-07-17 10:21:37,91.2,200,Buy,324236289
2025-07-17 10:21:37,91.2,100,Buy,324236291
2025-07-17 10:21:40,91.2,100,Sell,324236527
2025-07-17 10:21:40,91.2,400,Buy,324236556
2025-07-17 10:21:43,91.2,200,Buy,324236750
2025-07-17 10:21:46,91.2,200,Buy,324237092
2025-07-17 10:21:49,91.2,900,Buy,324237475
2025-07-17 10:21:49,91.2,1100,Buy,324237473
2025-07-17 10:21:49,91.2,1000,Buy,324237474
2025-07-17 10:21:50,91.2,300,Buy,324237548
2025-07-17 10:21:55,91.2,200,Buy,324237925
2025-07-17 10:22:00,91.2,600,Buy,324238349
2025-07-17 10:22:00,91.2,300,Buy,324238350
2025-07-17 10:22:00,91.2,100,Buy,324238333
2025-07-17 10:22:01,91.2,1000,Sell,324238381
2025-07-17 10:22:03,91.3,700,Buy,324238615
2025-07-17 10:22:03,91.3,400,Buy,324238616
2025-07-17 10:22:05,91.2,100,Sell,324238683
2025-07-17 10:22:06,91.2,100,Sell,324238804
2025-07-17 10:22:06,91.2,100,Sell,324238805
2025-07-17 10:22:07,91.2,300,Buy,324238886
2025-07-17 10:22:14,91.2,100,Sell,324239287
2025-07-17 10:22:16,91.3,800,Buy,324239431
2025-07-17 10:22:27,91.3,100,Buy,324240025
2025-07-17 10:22:35,91.2,1000,Sell,324240548
2025-07-17 10:22:43,91.2,2000,Sell,324241087
2025-07-17 10:22:51,91.2,100,Sell,324241546
2025-07-17 10:23:06,91.2,300,Sell,324242524
2025-07-17 10:23:10,91.2,1000,Sell,324242690
2025-07-17 10:23:12,91.2,100,Sell,324242767
2025-07-17 10:23:12,91.2,100,Sell,324242768
2025-07-17 10:23:17,91.2,600,Sell,324243024
2025-07-17 10:23:19,91.2,400,Sell,324243180
2025-07-17 10:23:19,91.2,300,Sell,324243179
2025-07-17 10:23:19,91.2,300,Sell,324243178
2025-07-17 10:23:20,91.2,3000,Sell,324243233
2025-07-17 10:23:23,91.2,1600,Sell,324243378
2025-07-17 10:23:23,91.2,3400,Sell,324243379
2025-07-17 10:23:25,91.2,1600,Sell,324243445
2025-07-17 10:23:25,91.2,400,Sell,324243446
2025-07-17 10:23:26,91.2,100,Sell,324243526
2025-07-17 10:23:26,91.2,100,Sell,324243528
2025-07-17 10:23:26,91.2,1100,Sell,324243524
2025-07-17 10:23:26,91.2,200,Sell,324243530
2025-07-17 10:23:26,91.2,400,Sell,324243529
2025-07-17 10:23:26,91.2,200,Sell,324243546
2025-07-17 10:23:26,91.2,100,Sell,324243527
2025-07-17 10:23:27,91.2,700,Sell,324243572
2025-07-17 10:23:36,91.2,300,Buy,324244182
2025-07-17 10:23:36,91.2,1000,Buy,324244184
2025-07-17 10:23:43,91.2,500,Buy,324244546
2025-07-17 10:23:43,91.2,200,Buy,324244547
2025-07-17 10:23:47,91.2,500,Buy,324244751
2025-07-17 10:23:47,91.2,1800,Buy,324244750
2025-07-17 10:23:48,91.2,300,Sell,324244817
2025-07-17 10:23:53,91.2,1000,Sell,324245451
2025-07-17 10:23:57,91.2,500,Sell,324245641
2025-07-17 10:24:03,91.2,900,Sell,324246081
2025-07-17 10:24:03,91.2,3700,Sell,324246082
2025-07-17 10:24:05,91.2,1000,Sell,324246371
2025-07-17 10:24:10,91.2,1000,Sell,324246801
2025-07-17 10:24:10,91.2,300,Sell,324246799
2025-07-17 10:24:14,91.2,2000,Buy,324247066
2025-07-17 10:24:20,91.2,1000,Buy,324247495
2025-07-17 10:24:20,91.2,400,Buy,324247496
2025-07-17 10:24:21,91.1,2400,Sell,324247515
2025-07-17 10:24:21,91.1,400,Sell,324247516
2025-07-17 10:24:21,91.1,1000,Sell,324247517
2025-07-17 10:24:21,91.1,1000,Sell,324247519
2025-07-17 10:24:21,91.1,300,Sell,324247520
2025-07-17 10:24:26,91.1,100,Sell,324248034
2025-07-17 10:24:26,91.1,100,Sell,324248069
2025-07-17 10:24:26,91.1,4600,Sell,324248032
2025-07-17 10:24:26,91.1,300,Sell,324248033
2025-07-17 10:24:32,91.1,200,Sell,324248536
2025-07-17 10:24:34,91.0,300,Sell,324248697
2025-07-17 10:24:34,91.0,1900,Sell,324248698
2025-07-17 10:24:34,91.0,5200,Sell,324248690
2025-07-17 10:24:34,91.0,100,Sell,324248691
2025-07-17 10:24:37,91.0,2800,Sell,324248968
2025-07-17 10:24:40,91.0,1300,Sell,324249178
2025-07-17 10:24:40,91.0,500,Sell,324249179
2025-07-17 10:24:40,91.0,100,Sell,324249181
2025-07-17 10:24:40,91.0,100,Sell,324249180
2025-07-17 10:24:40,91.0,2100,Sell,324249182
2025-07-17 10:24:43,91.0,200,Sell,324249462
2025-07-17 10:24:50,91.0,500,Sell,324249955
2025-07-17 10:24:54,91.0,200,Sell,324250163
2025-07-17 10:24:56,91.0,100,Sell,324250290
2025-07-17 10:25:00,91.0,1000,Sell,324250660
2025-07-17 10:25:04,91.0,600,Sell,324250887
2025-07-17 10:25:04,91.0,500,Sell,324250885
2025-07-17 10:25:04,91.0,300,Sell,324250886
2025-07-17 10:25:04,91.0,200,Sell,324250888
2025-07-17 10:25:04,91.0,300,Buy,324250918
2025-07-17 10:25:04,91.0,1000,Buy,324250919
2025-07-17 10:25:04,91.0,800,Sell,324250884
2025-07-17 10:25:10,91.0,500,Buy,324251254
2025-07-17 10:25:11,91.0,100,Buy,324251388
2025-07-17 10:25:11,91.0,200,Buy,324251384
2025-07-17 10:25:11,91.0,500,Buy,324251386
2025-07-17 10:25:12,90.9,1400,Sell,324251436
2025-07-17 10:25:19,91.0,200,Buy,324251758
2025-07-17 10:25:48,91.0,200,Buy,324253388
2025-07-17 10:25:48,91.0,100,Buy,324253389
2025-07-17 10:25:48,91.0,100,Buy,324253390
2025-07-17 10:25:48,91.0,700,Buy,324253391
2025-07-17 10:25:48,91.0,400,Buy,324253392
2025-07-17 10:25:58,91.0,900,Buy,324253915
2025-07-17 10:25:58,91.0,200,Buy,324253916
2025-07-17 10:26:03,90.9,500,Sell,324254161
2025-07-17 10:26:11,90.9,400,Sell,324254598
2025-07-17 10:26:11,90.7,3300,Sell,324254600
2025-07-17 10:26:11,90.9,100,Sell,324254599
2025-07-17 10:26:15,90.7,200,Sell,324254769
2025-07-17 10:26:25,90.7,2100,Sell,324255396
2025-07-17 10:26:27,90.7,2100,Sell,324255544
2025-07-17 10:26:29,90.7,100,Sell,324255695
2025-07-17 10:26:31,90.7,300,Sell,324255860
2025-07-17 10:26:34,90.7,400,Sell,324256093
2025-07-17 10:26:39,90.7,300,Sell,324256425
2025-07-17 10:26:53,90.7,100,Sell,324257008
2025-07-17 10:27:03,90.7,200,Sell,324257534
2025-07-17 10:27:14,90.7,400,Sell,324258040
2025-07-17 10:27:16,90.7,500,Sell,324258096
2025-07-17 10:27:22,90.7,400,Sell,324258420
2025-07-17 10:27:22,90.7,700,Sell,324258421
2025-07-17 10:27:22,90.7,100,Sell,324258414
2025-07-17 10:27:22,90.7,900,Sell,324258419
2025-07-17 10:27:22,90.7,300,Sell,324258413
2025-07-17 10:27:35,90.7,3000,Sell,324258976
2025-07-17 10:27:46,90.7,100,Sell,324259436
2025-07-17 10:27:49,90.8,100,Buy,324259552
2025-07-17 10:27:57,90.8,100,Sell,324259904
2025-07-17 10:28:18,90.8,200,Sell,324260965
2025-07-17 10:28:18,90.8,1000,Sell,324260966
2025-07-17 10:28:18,90.8,300,Sell,324260967
2025-07-17 10:28:18,90.8,100,Sell,324260968
2025-07-17 10:28:33,90.7,100,Sell,324261990
2025-07-17 10:28:37,90.7,100,Sell,324262159
2025-07-17 10:28:42,90.7,700,Sell,324262294
2025-07-17 10:28:42,90.7,300,Sell,324262295
2025-07-17 10:28:42,90.7,100,Sell,324262308
2025-07-17 10:28:47,90.7,100,Sell,324262494
2025-07-17 10:28:47,90.7,100,Sell,324262493
2025-07-17 10:28:51,90.7,100,Sell,324262644
2025-07-17 10:28:52,90.8,100,Buy,324262702
2025-07-17 10:28:52,90.8,300,Buy,324262701
2025-07-17 10:28:52,90.8,1000,Buy,324262700
2025-07-17 10:28:52,90.8,100,Buy,324262697
2025-07-17 10:28:52,90.8,100,Buy,324262696
2025-07-17 10:28:52,90.8,500,Buy,324262695
2025-07-17 10:28:52,90.8,200,Buy,324262698
2025-07-17 10:28:53,90.7,100,Sell,324262724
2025-07-17 10:29:02,90.7,200,Sell,324263095
2025-07-17 10:29:03,90.7,300,Sell,324263120
2025-07-17 10:29:09,90.7,500,Sell,324263397
2025-07-17 10:29:14,90.7,200,Sell,324263629
2025-07-17 10:29:14,90.7,1800,Sell,324263630
2025-07-17 10:29:15,90.7,200,Sell,324263653
2025-07-17 10:29:16,90.8,100,Buy,324263731
2025-07-17 10:29:16,90.8,100,Buy,324263730
2025-07-17 10:29:23,90.8,500,Buy,324263995
2025-07-17 10:29:27,90.8,300,Buy,324264152
2025-07-17 10:29:27,90.8,600,Buy,324264151
2025-07-17 10:29:27,90.8,100,Buy,324264150
2025-07-17 10:29:27,90.8,100,Buy,324264149
2025-07-17 10:29:27,90.8,300,Buy,324264148
2025-07-17 10:29:35,90.8,900,Sell,324264514
2025-07-17 10:29:35,90.8,100,Sell,324264513
2025-07-17 10:29:53,90.8,600,Buy,324265182
2025-07-17 10:29:53,90.8,300,Buy,324265183
2025-07-17 10:29:53,90.8,400,Buy,324265184
2025-07-17 10:29:53,90.8,300,Buy,324265185
2025-07-17 10:29:53,90.8,300,Buy,324265186
2025-07-17 10:29:53,90.8,100,Buy,324265181
2025-07-17 10:29:57,90.7,400,Sell,324265368
2025-07-17 10:29:58,90.7,100,Sell,324265430
2025-07-17 10:30:10,90.7,2100,Sell,324266362
2025-07-17 10:30:11,90.7,1500,Sell,324266386
2025-07-17 10:30:15,90.7,200,Sell,324266535
2025-07-17 10:30:19,90.7,700,Sell,324266632
2025-07-17 10:30:30,90.7,100,Sell,324267068
2025-07-17 10:30:35,90.8,200,Buy,324267255
2025-07-17 10:30:37,90.8,500,Buy,324267389
2025-07-17 10:30:40,90.7,100,Sell,324267512
2025-07-17 10:30:44,90.8,100,Buy,324267621
2025-07-17 10:30:51,90.8,100,Buy,324267922
2025-07-17 10:30:54,90.8,200,Buy,324268056
2025-07-17 10:30:55,90.8,200,Buy,324268119
2025-07-17 10:30:55,90.8,800,Buy,324268120
2025-07-17 10:30:55,90.8,200,Buy,324268121
2025-07-17 10:30:55,90.8,100,Buy,324268118
2025-07-17 10:30:58,90.7,1500,Sell,324268262
2025-07-17 10:31:06,90.7,2000,Sell,324268594
2025-07-17 10:31:11,90.7,800,Sell,324268765
2025-07-17 10:31:14,90.8,200,Buy,324268903
2025-07-17 10:31:14,90.8,1700,Buy,324268902
2025-07-17 10:31:14,90.8,200,Buy,324268904
2025-07-17 10:31:14,90.8,900,Buy,324268905
2025-07-17 10:31:18,90.8,2600,Buy,324269065
2025-07-17 10:31:18,90.8,200,Buy,324269066
2025-07-17 10:31:18,90.8,100,Buy,324269067
2025-07-17 10:31:18,90.8,100,Buy,324269068
2025-07-17 10:31:26,90.7,600,Sell,324269360
2025-07-17 10:31:35,90.8,1900,Buy,324269726
2025-07-17 10:31:35,90.8,100,Buy,324269727
2025-07-17 10:31:37,90.8,300,Buy,324269821
2025-07-17 10:31:37,90.8,500,Buy,324269823
2025-07-17 10:31:37,90.8,100,Buy,324269822
2025-07-17 10:31:44,90.8,100,Sell,324270018
2025-07-17 10:31:55,90.8,100,Sell,324270415
2025-07-17 10:31:58,90.8,100,Sell,324270551
2025-07-17 10:32:02,90.8,200,Sell,324270676
2025-07-17 10:32:02,90.8,1900,Sell,324270677
2025-07-17 10:32:04,90.8,100,Sell,324270746
2025-07-17 10:32:04,90.8,200,Sell,324270747
2025-07-17 10:32:21,90.8,100,Buy,324271392
2025-07-17 10:32:21,90.8,200,Buy,324271390
2025-07-17 10:32:21,90.8,800,Buy,324271389
2025-07-17 10:32:21,90.8,200,Buy,324271388
2025-07-17 10:32:25,90.7,300,Sell,324271623
2025-07-17 10:32:25,90.7,200,Sell,324271626
2025-07-17 10:32:39,90.7,200,Sell,324272193
2025-07-17 10:32:39,90.7,900,Sell,324272195
2025-07-17 10:32:39,90.7,100,Sell,324272194
2025-07-17 10:32:39,90.7,400,Sell,324272191
2025-07-17 10:32:39,90.7,800,Sell,324272188
2025-07-17 10:32:39,90.7,100,Sell,324272192
2025-07-17 10:32:46,90.7,1100,Sell,324272483
2025-07-17 10:32:46,90.7,4600,Sell,324272484
2025-07-17 10:32:58,90.7,400,Sell,324272937
2025-07-17 10:33:06,90.7,400,Buy,324273181
2025-07-17 10:33:06,90.7,1100,Buy,324273182
2025-07-17 10:33:08,90.7,100,Buy,324273302
2025-07-17 10:33:08,90.7,200,Buy,324273303
2025-07-17 10:33:25,90.8,2000,Buy,324273899
2025-07-17 10:33:35,90.8,1900,Buy,324274360
2025-07-17 10:33:36,90.8,1000,Buy,324274375
2025-07-17 10:33:36,90.8,300,Buy,324274376
2025-07-17 10:33:36,90.8,100,Buy,324274377
2025-07-17 10:33:40,90.8,400,Buy,324274550
2025-07-17 10:33:40,90.9,5200,Buy,324274557
2025-07-17 10:33:40,90.8,100,Buy,324274548
2025-07-17 10:33:40,90.9,100,Buy,324274558
2025-07-17 10:33:40,90.8,100,Buy,324274547
2025-07-17 10:33:40,90.9,100,Buy,324274560
2025-07-17 10:33:40,90.8,100,Buy,324274546
2025-07-17 10:33:40,90.9,100,Buy,324274559
2025-07-17 10:33:40,90.8,200,Buy,324274549
2025-07-17 10:33:40,90.9,200,Buy,324274561
2025-07-17 10:33:40,91.0,200,Buy,324274566
2025-07-17 10:33:40,91.0,4400,Buy,324274569
2025-07-17 10:33:40,91.0,100,Buy,324274567
2025-07-17 10:33:40,91.0,100,Buy,324274568
2025-07-17 10:33:40,90.9,2000,Buy,324274562
2025-07-17 10:33:40,91.0,200,Buy,324274565
2025-07-17 10:33:40,91.0,300,Buy,324274563
2025-07-17 10:33:40,91.0,10000,Buy,324274564
2025-07-17 10:33:49,91.0,1000,Buy,324275048
2025-07-17 10:33:49,91.0,400,Buy,324275049
2025-07-17 10:34:19,90.8,2300,Sell,324276486
2025-07-17 10:34:47,90.9,100,Sell,324278065
2025-07-17 10:34:48,90.9,200,Sell,324278208
2025-07-17 10:34:50,90.9,100,Sell,324278261
2025-07-17 10:34:50,90.9,1900,Sell,324278262
2025-07-17 10:34:55,90.9,100,Sell,324278459
2025-07-17 10:35:24,91.0,2000,Buy,324279775
2025-07-17 10:35:29,91.0,2000,Buy,324279953
2025-07-17 10:36:00,91.0,200,Buy,324281168
2025-07-17 10:36:00,91.0,100,Buy,324281169
2025-07-17 10:36:00,91.0,500,Buy,324281170
2025-07-17 10:36:00,91.0,100,Buy,324281171
2025-07-17 10:36:00,91.0,200,Buy,324281172
2025-07-17 10:36:00,91.0,200,Buy,324281173
2025-07-17 10:36:00,91.0,100,Buy,324281174
2025-07-17 10:36:21,91.0,1100,Buy,324282039
2025-07-17 10:36:21,91.0,300,Buy,324282036
2025-07-17 10:36:21,91.0,500,Buy,324282038
2025-07-17 10:36:21,91.0,200,Buy,324282043
2025-07-17 10:36:21,91.0,200,Buy,324282040
2025-07-17 10:36:21,91.0,1000,Buy,324282041
2025-07-17 10:36:21,91.0,1000,Buy,324282037
2025-07-17 10:36:40,91.0,200,Buy,324282715
2025-07-17 10:36:44,91.0,600,Buy,324282819
2025-07-17 10:36:44,91.0,100,Buy,324282820
2025-07-17 10:36:44,91.0,300,Buy,324282821
2025-07-17 10:36:44,91.0,400,Buy,324282822
2025-07-17 10:36:59,91.0,200,Buy,324283508
2025-07-17 10:37:00,91.0,100,Buy,324283532
2025-07-17 10:37:00,91.0,200,Buy,324283533
2025-07-17 10:37:00,91.0,100,Buy,324283531
2025-07-17 10:37:28,91.0,1000,Buy,324284458
2025-07-17 10:37:28,91.0,300,Buy,324284459
2025-07-17 10:37:52,91.0,200,Buy,324285619
2025-07-17 10:37:52,91.0,500,Buy,324285627
2025-07-17 10:37:52,91.0,200,Buy,324285622
2025-07-17 10:37:52,91.0,1000,Buy,324285625
2025-07-17 10:37:52,91.0,400,Buy,324285624
2025-07-17 10:37:52,91.0,1000,Buy,324285623
2025-07-17 10:37:52,91.0,600,Buy,324285617
2025-07-17 10:37:52,91.0,600,Buy,324285621
2025-07-17 10:37:52,91.0,200,Buy,324285620
2025-07-17 10:37:52,91.0,2000,Buy,324285626
2025-07-17 10:37:52,91.0,1000,Buy,324285638
2025-07-17 10:37:52,91.0,1000,Buy,324285628
2025-07-17 10:37:52,91.0,2100,Buy,324285630
2025-07-17 10:37:52,91.0,100,Buy,324285632
2025-07-17 10:37:52,91.0,500,Buy,324285633
2025-07-17 10:37:52,91.0,200,Buy,324285634
2025-07-17 10:37:52,91.0,900,Buy,324285635
2025-07-17 10:37:52,91.0,100,Buy,324285636
2025-07-17 10:37:52,91.0,2000,Buy,324285637
2025-07-17 10:37:52,91.0,1000,Buy,324285618
2025-07-17 10:37:52,91.0,100,Buy,324285629
2025-07-17 10:37:54,91.1,3500,Buy,324285673
2025-07-17 10:37:54,91.1,100,Buy,324285672
2025-07-17 10:37:54,91.1,2000,Buy,324285671
2025-07-17 10:37:54,91.1,1000,Buy,324285674
2025-07-17 10:37:54,91.1,2100,Buy,324285669
2025-07-17 10:37:54,91.1,4700,Buy,324285668
2025-07-17 10:37:54,91.1,100,Buy,324285675
2025-07-17 10:37:54,91.1,5200,Buy,324285670
2025-07-17 10:38:04,91.0,2700,Sell,324286106
2025-07-17 10:38:05,91.1,100,Buy,324286163
2025-07-17 10:38:05,91.1,100,Buy,324286161
2025-07-17 10:38:10,91.1,200,Sell,324286307
2025-07-17 10:38:33,91.1,400,Sell,324287082
2025-07-17 10:38:33,91.1,700,Sell,324287083
2025-07-17 10:38:33,91.1,1000,Sell,324287081
2025-07-17 10:38:39,91.2,800,Buy,324287351
2025-07-17 10:38:39,91.2,100,Buy,324287352
2025-07-17 10:38:56,91.2,1000,Buy,324287915
2025-07-17 10:38:56,91.2,300,Buy,324287916
2025-07-17 10:39:24,91.2,4200,Buy,324289037
2025-07-17 10:39:24,91.2,100,Buy,324289039
2025-07-17 10:39:24,91.2,100,Buy,324289040
2025-07-17 10:39:24,91.2,100,Buy,324289044
2025-07-17 10:39:24,91.2,100,Buy,324289042
2025-07-17 10:39:24,91.2,100,Buy,324289038
2025-07-17 10:39:24,91.2,100,Buy,324289043
2025-07-17 10:39:24,91.2,100,Buy,324289047
2025-07-17 10:39:24,91.2,100,Buy,324289045
2025-07-17 10:39:24,91.2,500,Buy,324289050
2025-07-17 10:39:24,91.2,100,Buy,324289049
2025-07-17 10:39:24,91.2,100,Buy,324289041
2025-07-17 10:39:24,91.2,100,Buy,324289046
2025-07-17 10:39:24,91.2,1000,Buy,324289048
2025-07-17 10:39:33,91.2,100,Buy,324289347
2025-07-17 10:39:33,91.2,200,Buy,324289349
2025-07-17 10:39:33,91.2,100,Buy,324289350
2025-07-17 10:39:33,91.2,200,Buy,324289351
2025-07-17 10:39:33,91.2,1400,Buy,324289352
2025-07-17 10:39:33,91.2,200,Buy,324289366
2025-07-17 10:39:37,91.2,200,Buy,324289496
2025-07-17 10:39:37,91.2,100,Buy,324289497
2025-07-17 10:39:37,91.2,100,Buy,324289498
2025-07-17 10:39:37,91.2,200,Buy,324289499
2025-07-17 10:39:37,91.2,1400,Buy,324289495
2025-07-17 10:39:40,91.2,400,Buy,324289587
2025-07-17 10:39:40,91.2,800,Buy,324289585
2025-07-17 10:39:40,91.2,300,Buy,324289586
2025-07-17 10:39:41,91.2,100,Buy,324289676
2025-07-17 10:39:47,91.2,500,Buy,324289909
2025-07-17 10:39:52,91.2,500,Buy,324290110
2025-07-17 10:39:53,91.3,400,Buy,324290192
2025-07-17 10:39:53,91.3,100,Buy,324290187
2025-07-17 10:39:53,91.3,800,Buy,324290184
2025-07-17 10:39:53,91.3,700,Buy,324290185
2025-07-17 10:39:53,91.2,200,Buy,324290175
2025-07-17 10:39:53,91.3,500,Buy,324290188
2025-07-17 10:39:53,91.3,2000,Buy,324290189
2025-07-17 10:39:53,91.3,100,Buy,324290190
2025-07-17 10:39:53,91.3,100,Buy,324290191
2025-07-17 10:39:53,91.2,100,Buy,324290183
2025-07-17 10:40:00,91.3,2000,Buy,324290506
2025-07-17 10:40:05,91.3,100,Buy,324290851
2025-07-17 10:40:07,91.3,100,Buy,324290943
2025-07-17 10:40:07,91.3,300,Buy,324290944
2025-07-17 10:40:16,91.3,100,Buy,324291402
2025-07-17 10:40:16,91.3,100,Buy,324291403
2025-07-17 10:40:16,91.3,1700,Buy,324291400
2025-07-17 10:40:16,91.3,1000,Buy,324291401
2025-07-17 10:40:16,91.3,100,Buy,324291404
2025-07-17 10:40:16,91.3,100,Buy,324291406
2025-07-17 10:40:16,91.3,100,Buy,324291407
2025-07-17 10:40:16,91.3,100,Buy,324291408
2025-07-17 10:40:16,91.3,100,Buy,324291405
2025-07-17 10:40:17,91.3,1000,Buy,324291452
2025-07-17 10:40:19,91.3,200,Buy,324291483
2025-07-17 10:40:22,91.3,300,Buy,324291649
2025-07-17 10:40:22,91.3,1000,Buy,324291650
2025-07-17 10:40:26,91.3,1000,Buy,324291772
2025-07-17 10:40:36,91.3,1400,Buy,324292248
2025-07-17 10:40:36,91.3,200,Buy,324292249
2025-07-17 10:40:36,91.3,400,Buy,324292250
2025-07-17 10:40:36,91.3,100,Buy,324292260
2025-07-17 10:40:36,91.3,300,Buy,324292261
2025-07-17 10:40:36,91.3,100,Buy,324292262
2025-07-17 10:40:36,91.3,100,Buy,324292263
2025-07-17 10:40:36,91.3,500,Buy,324292266
2025-07-17 10:40:36,91.3,4000,Buy,324292265
2025-07-17 10:40:36,91.3,200,Buy,324292264
2025-07-17 10:40:36,91.3,100,Buy,324292267
2025-07-17 10:40:36,91.3,200,Buy,324292274
2025-07-17 10:40:36,91.3,500,Buy,324292268
2025-07-17 10:40:36,91.3,1000,Buy,324292276
2025-07-17 10:40:36,91.3,10000,Buy,324292275
2025-07-17 10:40:36,91.3,2100,Buy,324292277
2025-07-17 10:40:36,91.3,2000,Buy,324292273
2025-07-17 10:40:36,91.3,600,Buy,324292272
2025-07-17 10:40:36,91.3,100,Buy,324292270
2025-07-17 10:40:36,91.3,500,Buy,324292269
2025-07-17 10:40:38,91.4,100,Buy,324292340
2025-07-17 10:40:38,91.4,200,Buy,324292341
2025-07-17 10:40:38,91.4,1600,Buy,324292342
2025-07-17 10:40:52,91.4,100,Buy,324292981
2025-07-17 10:40:57,91.4,10000,Buy,324293164
2025-07-17 10:41:03,91.4,500,Buy,324293402
2025-07-17 10:41:03,91.4,200,Buy,324293406
2025-07-17 10:41:03,91.4,1000,Buy,324293404
2025-07-17 10:41:03,91.4,12000,Buy,324293392
2025-07-17 10:41:03,91.4,100,Buy,324293405
2025-07-17 10:41:03,91.4,1000,Buy,324293408
2025-07-17 10:41:03,91.4,100,Buy,324293403
2025-07-17 10:41:03,91.4,10400,Buy,324293401
2025-07-17 10:41:03,91.4,200,Buy,324293410
2025-07-17 10:41:03,91.4,200,Buy,324293407
2025-07-17 10:41:03,91.4,100,Buy,324293409
2025-07-17 10:41:03,91.4,500,Buy,324293412
2025-07-17 10:41:03,91.4,300,Buy,324293413
2025-07-17 10:41:03,91.4,2000,Buy,324293414
2025-07-17 10:41:03,91.4,10000,Buy,324293415
2025-07-17 10:41:03,91.4,500,Buy,324293416
2025-07-17 10:41:03,91.4,100,Buy,324293411
2025-07-17 10:41:07,91.4,400,Buy,324293533
2025-07-17 10:41:07,91.4,1000,Buy,324293534
2025-07-17 10:41:07,91.4,2000,Buy,324293536
2025-07-17 10:41:08,91.3,100,Sell,324293603
2025-07-17 10:41:10,91.4,1000,Buy,324293702
2025-07-17 10:41:10,91.4,100,Buy,324293701
2025-07-17 10:41:10,91.4,800,Buy,324293700
2025-07-17 10:41:12,91.4,2000,Buy,324293778
2025-07-17 10:41:16,91.4,5000,Buy,324293909
2025-07-17 10:41:16,91.4,100,Buy,324293910
2025-07-17 10:41:16,91.5,100,Buy,324293911
2025-07-17 10:41:16,91.5,1000,Buy,324293948
2025-07-17 10:41:16,91.5,100,Buy,324293913
2025-07-17 10:41:16,91.5,200,Buy,324293914
2025-07-17 10:41:16,91.5,1000,Buy,324293915
2025-07-17 10:41:16,91.5,100,Buy,324293916
2025-07-17 10:41:16,91.5,100,Buy,324293917
2025-07-17 10:41:16,91.5,1000,Buy,324293918
2025-07-17 10:41:16,91.5,100,Buy,324293919
2025-07-17 10:41:16,91.5,500,Buy,324293950
2025-07-17 10:41:16,91.5,100,Buy,324293912
2025-07-17 10:41:16,91.5,100,Buy,324293922
2025-07-17 10:41:16,91.5,20000,Buy,324293923
2025-07-17 10:41:16,91.5,500,Buy,324293924
2025-07-17 10:41:16,91.5,100,Buy,324293925
2025-07-17 10:41:16,91.5,100,Buy,324293926
2025-07-17 10:41:16,91.5,3200,Buy,324293927
2025-07-17 10:41:16,91.4,2000,Buy,324293908
2025-07-17 10:41:16,91.5,16300,Buy,324293944
2025-07-17 10:41:16,91.5,300,Buy,324293945
2025-07-17 10:41:16,91.5,200,Buy,324293946
2025-07-17 10:41:16,91.5,100,Buy,324293947
2025-07-17 10:41:16,91.5,1000,Buy,324293920
2025-07-17 10:41:16,91.5,100,Buy,324293921
2025-07-17 10:41:16,91.5,500,Buy,324293938
2025-07-17 10:41:16,91.5,100,Buy,324293975
2025-07-17 10:41:16,91.5,100,Buy,324293949
2025-07-17 10:41:16,91.5,1100,Buy,324293961
2025-07-17 10:41:16,91.5,1400,Buy,324293960
2025-07-17 10:41:16,91.5,100,Buy,324293959
2025-07-17 10:41:16,91.5,500,Buy,324293958
2025-07-17 10:41:16,91.5,100,Buy,324293953
2025-07-17 10:41:16,91.5,300,Buy,324293956
2025-07-17 10:41:16,91.5,100,Buy,324293955
2025-07-17 10:41:16,91.5,100,Buy,324293954
2025-07-17 10:41:16,91.5,1000,Buy,324293952
2025-07-17 10:41:16,91.5,100,Buy,324293957
2025-07-17 10:41:16,91.5,100,Buy,324293963
2025-07-17 10:41:16,91.5,200,Buy,324293968
2025-07-17 10:41:16,91.5,600,Buy,324293962
2025-07-17 10:41:16,91.5,20000,Buy,324293966
2025-07-17 10:41:16,91.5,20000,Buy,324293964
2025-07-17 10:41:16,91.5,500,Buy,324293965
2025-07-17 10:41:16,91.5,400,Buy,324293973
2025-07-17 10:41:16,91.5,100,Buy,324293972
2025-07-17 10:41:16,91.5,100,Buy,324293974
2025-07-17 10:41:16,91.5,100,Buy,324293970
2025-07-17 10:41:16,91.5,100,Buy,324293969
2025-07-17 10:41:16,91.5,100,Buy,324293951
2025-07-17 10:41:16,91.5,5000,Buy,324293967
2025-07-17 10:41:16,91.5,2000,Buy,324293971
2025-07-17 10:41:17,91.5,10000,Sell,324293996
2025-07-17 10:41:30,91.5,1000,Buy,324294604
2025-07-17 10:41:31,91.5,100,Buy,324294660
2025-07-17 10:41:31,91.5,100,Buy,324294675
2025-07-17 10:41:32,91.5,900,Buy,324294696
2025-07-17 10:41:33,91.7,200,Buy,324294764
2025-07-17 10:41:33,91.7,200,Buy,324294763
2025-07-17 10:41:33,91.7,1500,Buy,324294765
2025-07-17 10:41:33,91.6,500,Buy,324294762
2025-07-17 10:41:33,91.7,100,Buy,324294766
2025-07-17 10:41:33,91.6,1000,Buy,324294760
2025-07-17 10:41:33,91.6,100,Buy,324294759
2025-07-17 10:41:33,91.6,2000,Buy,324294758
2025-07-17 10:41:33,91.6,200,Buy,324294757
2025-07-17 10:41:33,91.6,100,Buy,324294761
2025-07-17 10:41:33,91.7,500,Buy,324294767
2025-07-17 10:41:36,91.5,100,Sell,324294964
2025-07-17 10:41:53,91.8,200,Buy,324295722
2025-07-17 10:42:05,91.8,2000,Buy,324296059
2025-07-17 10:42:11,91.8,2300,Buy,324296254
2025-07-17 10:42:11,91.8,700,Buy,324296255
2025-07-17 10:42:16,91.8,100,Buy,324296417
2025-07-17 10:42:17,91.8,200,Buy,324296454
2025-07-17 10:42:26,91.8,200,Buy,324296876
2025-07-17 10:42:26,91.8,200,Buy,324296877
2025-07-17 10:42:26,91.8,500,Buy,324296878
2025-07-17 10:42:26,91.8,700,Buy,324296879
2025-07-17 10:42:28,91.8,500,Buy,324296959
2025-07-17 10:42:28,91.8,300,Buy,324296958
2025-07-17 10:42:35,91.8,500,Buy,324297295
2025-07-17 10:42:35,91.8,100,Buy,324297288
2025-07-17 10:42:35,91.8,200,Buy,324297286
2025-07-17 10:42:35,91.8,600,Buy,324297285
2025-07-17 10:42:35,91.8,400,Buy,324297284
2025-07-17 10:42:35,91.8,100,Buy,324297287
2025-07-17 10:42:46,91.8,200,Buy,324297754
2025-07-17 10:42:49,91.8,100,Buy,324297866
2025-07-17 10:42:52,91.8,1000,Buy,324297959
2025-07-17 10:42:54,91.8,100,Buy,324298008
2025-07-17 10:42:56,91.8,100,Buy,324298100
2025-07-17 10:42:58,91.8,100,Buy,324298198
2025-07-17 10:43:19,91.8,300,Buy,324299052
2025-07-17 10:43:19,91.8,200,Buy,324299049
2025-07-17 10:43:19,91.8,100,Buy,324299045
2025-07-17 10:43:19,91.8,100,Buy,324299047
2025-07-17 10:43:19,91.8,200,Buy,324299046
2025-07-17 10:43:19,91.8,500,Buy,324299048
2025-07-17 10:43:33,91.6,100,Sell,324299713
2025-07-17 10:43:33,91.6,900,Sell,324299714
2025-07-17 10:43:47,91.8,100,Buy,324300491
2025-07-17 10:44:02,91.8,400,Buy,324300987
2025-07-17 10:44:02,91.8,600,Buy,324300986
2025-07-17 10:44:02,91.8,400,Buy,324300985
2025-07-17 10:44:08,91.8,100,Buy,324301290
2025-07-17 10:44:14,91.6,2500,Sell,324301625
2025-07-17 10:44:26,91.8,100,Buy,324302129
2025-07-17 10:44:26,91.8,5000,Buy,324302121
2025-07-17 10:44:26,91.8,100,Buy,324302122
2025-07-17 10:44:26,91.8,100,Buy,324302123
2025-07-17 10:44:26,91.8,2000,Buy,324302124
2025-07-17 10:44:26,91.8,2000,Buy,324302125
2025-07-17 10:44:26,91.8,100,Buy,324302126
2025-07-17 10:44:26,91.8,1000,Buy,324302128
2025-07-17 10:44:26,91.8,2000,Buy,324302134
2025-07-17 10:44:26,91.8,100,Buy,324302130
2025-07-17 10:44:26,91.8,100,Buy,324302136
2025-07-17 10:44:26,91.8,2000,Buy,324302135
2025-07-17 10:44:26,91.8,100,Buy,324302133
2025-07-17 10:44:26,91.8,100,Buy,324302127
2025-07-17 10:44:26,91.8,200,Buy,324302131
2025-07-17 10:44:26,91.8,100,Buy,324302137
2025-07-17 10:44:26,91.8,400,Buy,324302132
2025-07-17 10:44:27,91.8,1000,Sell,324302210
2025-07-17 10:44:32,91.8,3500,Sell,324302428
2025-07-17 10:44:45,91.7,100,Buy,324303021
2025-07-17 10:44:46,91.8,900,Sell,324303049
2025-07-17 10:44:46,91.8,300,Sell,324303050
2025-07-17 10:44:48,91.6,100,Sell,324303132
2025-07-17 10:45:02,91.6,100,Sell,324304190
2025-07-17 10:45:05,91.6,300,Sell,324304286
2025-07-17 10:45:05,91.6,100,Sell,324304285
2025-07-17 10:45:05,91.6,200,Sell,324304284
2025-07-17 10:45:05,91.6,1400,Sell,324304283
2025-07-17 10:45:39,91.6,100,Sell,324305673
2025-07-17 10:45:47,91.6,300,Sell,324305954
2025-07-17 10:45:47,91.6,1000,Sell,324305953
2025-07-17 10:45:47,91.6,600,Sell,324305940
2025-07-17 10:45:47,91.6,2000,Sell,324305951
2025-07-17 10:45:47,91.6,100,Sell,324305950
2025-07-17 10:45:47,91.6,100,Sell,324305952
2025-07-17 10:45:48,91.7,100,Buy,324305968
2025-07-17 10:45:48,91.7,100,Buy,324305969
2025-07-17 10:45:48,91.8,800,Buy,324305970
2025-07-17 10:46:06,91.7,200,Sell,324306675
2025-07-17 10:46:15,91.7,500,Sell,324306939
2025-07-17 10:46:15,91.7,100,Sell,324306940
2025-07-17 10:46:25,91.7,100,Sell,324307339
2025-07-17 10:46:28,91.7,1000,Sell,324307422
2025-07-17 10:46:34,91.7,400,Sell,324307672
2025-07-17 10:46:47,91.7,200,Sell,324308234
2025-07-17 10:46:49,91.7,100,Sell,324308318
2025-07-17 10:46:57,91.7,100,Sell,324308691
2025-07-17 10:46:57,91.7,300,Sell,324308690
2025-07-17 10:46:57,91.7,400,Sell,324308693
2025-07-17 10:46:57,91.7,400,Sell,324308692
2025-07-17 10:46:57,91.7,800,Sell,324308689
2025-07-17 10:47:46,91.7,500,Sell,324310917
2025-07-17 10:47:51,91.7,100,Sell,324311111
2025-07-17 10:47:51,91.7,100,Sell,324311112
2025-07-17 10:47:52,91.7,400,Sell,324311224
2025-07-17 10:47:52,91.7,1000,Sell,324311225
2025-07-17 10:47:52,91.7,300,Sell,324311226
2025-07-17 10:47:53,91.7,500,Buy,324311264
2025-07-17 10:48:18,91.6,800,Sell,324312398
2025-07-17 10:48:18,91.6,100,Sell,324312397
2025-07-17 10:48:42,91.6,100,Sell,324313494
2025-07-17 10:48:46,91.7,5000,Buy,324313718
2025-07-17 10:48:48,91.6,200,Sell,324313740
2025-07-17 10:48:49,91.6,900,Sell,324313803
2025-07-17 10:48:49,91.6,1100,Sell,324313805
2025-07-17 10:48:52,91.6,800,Sell,324313908
2025-07-17 10:48:52,91.6,2200,Sell,324313909
2025-07-17 10:49:00,91.6,2800,Sell,324314314
2025-07-17 10:49:00,91.6,1000,Sell,324314316
2025-07-17 10:49:00,91.6,1000,Sell,324314318
2025-07-17 10:49:00,91.6,1000,Sell,324314317
2025-07-17 10:49:00,91.6,400,Sell,324314315
2025-07-17 10:49:08,91.6,1000,Buy,324314714
2025-07-17 10:49:08,91.6,300,Buy,324314715
2025-07-17 10:49:09,91.6,500,Buy,324314737
2025-07-17 10:49:09,91.6,900,Buy,324314749
2025-07-17 10:49:19,91.6,800,Buy,324315461
2025-07-17 10:49:51,91.6,200,Buy,324317016
2025-07-17 10:49:51,91.6,300,Buy,324317012
2025-07-17 10:49:51,91.6,100,Buy,324317013
2025-07-17 10:49:51,91.6,900,Buy,324317015
2025-07-17 10:50:13,91.6,200,Buy,324317849
2025-07-17 10:50:13,91.6,100,Buy,324317851
2025-07-17 10:50:13,91.6,200,Buy,324317852
2025-07-17 10:50:24,91.6,100,Buy,324318322
2025-07-17 10:50:32,91.6,300,Buy,324318825
2025-07-17 10:50:35,91.6,1000,Buy,324318926
2025-07-17 10:50:35,91.6,400,Buy,324318927
2025-07-17 10:50:50,91.6,100,Buy,324319436
2025-07-17 10:50:54,91.6,300,Buy,324319647
2025-07-17 10:51:16,91.6,300,Buy,324320909
2025-07-17 10:51:19,91.6,300,Buy,324320985
2025-07-17 10:51:19,91.6,1000,Buy,324320984
2025-07-17 10:51:34,91.5,100,Sell,324321693
2025-07-17 10:51:36,91.5,1000,Sell,324321858
2025-07-17 10:51:36,91.5,800,Sell,324321859
2025-07-17 10:51:36,91.5,200,Sell,324321857
2025-07-17 10:51:45,91.5,400,Sell,324322347
2025-07-17 10:51:45,91.5,600,Sell,324322348
2025-07-17 10:52:07,91.5,400,Sell,324323256
2025-07-17 10:52:09,91.5,1000,Sell,324323373
2025-07-17 10:52:18,91.5,200,Sell,324323774
2025-07-17 10:52:29,91.5,200,Sell,324324205
2025-07-17 10:52:32,91.5,1900,Sell,324324304
2025-07-17 10:52:42,91.5,4500,Sell,324325066
2025-07-17 10:52:43,91.6,100,Buy,324325123
2025-07-17 10:52:47,91.6,100,Buy,324325265
2025-07-17 10:52:47,91.6,1000,Buy,324325267
2025-07-17 10:52:47,91.6,300,Buy,324325263
2025-07-17 10:52:58,91.6,500,Buy,324325785
2025-07-17 10:53:08,91.6,400,Buy,324326151
2025-07-17 10:53:08,91.6,100,Buy,324326152
2025-07-17 10:53:08,91.6,500,Buy,324326153
2025-07-17 10:53:18,91.6,1100,Buy,324326585
2025-07-17 10:53:18,91.6,400,Buy,324326586
2025-07-17 10:53:31,91.6,300,Buy,324327635
2025-07-17 10:53:31,91.6,1000,Buy,324327638
2025-07-17 10:53:36,91.5,2000,Sell,324327876
2025-07-17 10:53:47,91.5,1000,Sell,324328428
2025-07-17 10:53:51,91.5,200,Sell,324328582
2025-07-17 10:53:51,91.5,300,Sell,324328583
2025-07-17 10:53:55,91.6,300,Buy,324328731
2025-07-17 10:53:55,91.6,300,Buy,324328734
2025-07-17 10:53:55,91.6,200,Buy,324328732
2025-07-17 10:53:55,91.6,300,Buy,324328728
2025-07-17 10:53:55,91.6,400,Buy,324328729
2025-07-17 10:53:55,91.6,100,Buy,324328733
2025-07-17 10:53:55,91.6,1100,Buy,324328730
2025-07-17 10:53:55,91.6,300,Buy,324328735
2025-07-17 10:53:55,91.6,100,Buy,324328736
2025-07-17 10:53:55,91.6,400,Buy,324328740
2025-07-17 10:53:55,91.6,1000,Buy,324328741
2025-07-17 10:53:55,91.6,300,Buy,324328737
2025-07-17 10:53:55,91.6,1100,Buy,324328739
2025-07-17 10:53:56,91.6,100,Buy,324328808
2025-07-17 10:53:56,91.6,900,Buy,324328809
2025-07-17 10:53:56,91.6,300,Buy,324328810
2025-07-17 10:54:05,91.6,200,Buy,324329143
2025-07-17 10:54:05,91.6,100,Buy,324329131
2025-07-17 10:54:05,91.6,400,Buy,324329141
2025-07-17 10:54:05,91.6,700,Buy,324329140
2025-07-17 10:54:05,91.6,2000,Buy,324329142
2025-07-17 10:54:05,91.6,9600,Buy,324329144
2025-07-17 10:54:07,91.6,400,Buy,324329208
2025-07-17 10:54:10,91.6,1000,Sell,324329370
2025-07-17 10:54:24,91.6,100,Sell,324329975
2025-07-17 10:54:24,91.6,400,Sell,324329977
2025-07-17 10:54:24,91.6,400,Sell,324329979
2025-07-17 10:54:24,91.6,1000,Sell,324329978
2025-07-17 10:54:24,91.6,900,Sell,324329986
2025-07-17 10:54:24,91.6,100,Sell,324329985
2025-07-17 10:54:53,91.6,200,Sell,324331375
2025-07-17 10:54:53,91.6,200,Sell,324331376
2025-07-17 10:55:13,91.6,100,Sell,324332278
2025-07-17 10:55:20,91.6,300,Sell,324332527
2025-07-17 10:55:20,91.6,300,Sell,324332528
2025-07-17 10:55:20,91.6,400,Sell,324332524
2025-07-17 10:55:20,91.6,1000,Sell,324332526
2025-07-17 10:55:23,91.7,500,Buy,324332609
2025-07-17 10:55:26,91.7,500,Buy,324332720
2025-07-17 10:55:26,91.7,400,Buy,324332706
2025-07-17 10:55:26,91.7,1100,Buy,324332707
2025-07-17 10:55:26,91.7,800,Buy,324332714
2025-07-17 10:55:26,91.7,1900,Buy,324332715
2025-07-17 10:55:26,91.7,200,Buy,324332716
2025-07-17 10:55:26,91.7,1000,Buy,324332717
2025-07-17 10:55:26,91.7,300,Buy,324332719
2025-07-17 10:55:26,91.7,100,Buy,324332718
2025-07-17 10:55:26,91.7,100,Buy,324332721
2025-07-17 10:55:26,91.7,2000,Buy,324332726
2025-07-17 10:55:26,91.7,800,Buy,324332729
2025-07-17 10:55:26,91.7,100,Buy,324332728
2025-07-17 10:55:26,91.7,2000,Buy,324332727
2025-07-17 10:55:26,91.7,100,Buy,324332722
2025-07-17 10:55:26,91.7,1000,Buy,324332724
2025-07-17 10:55:26,91.7,200,Buy,324332723
2025-07-17 10:55:26,91.7,1000,Buy,324332725
2025-07-17 10:55:27,91.7,200,Buy,324332739
2025-07-17 10:55:41,91.7,200,Sell,324333430
2025-07-17 10:55:59,91.7,100,Sell,324334368
2025-07-17 10:56:04,91.7,100,Sell,324334554
2025-07-17 10:56:40,91.8,300,Buy,324336062
2025-07-17 10:56:40,91.8,100,Buy,324336060
2025-07-17 10:56:40,91.8,100,Buy,324336063
2025-07-17 10:56:40,91.8,200,Buy,324336082
2025-07-17 10:56:40,91.8,8000,Buy,324336064
2025-07-17 10:56:40,91.8,1000,Buy,324336080
2025-07-17 10:56:40,91.8,1000,Buy,324336075
2025-07-17 10:56:40,91.8,100,Buy,324336076
2025-07-17 10:56:40,91.8,100,Buy,324336077
2025-07-17 10:56:40,91.8,500,Buy,324336078
2025-07-17 10:56:40,91.8,200,Buy,324336059
2025-07-17 10:56:40,91.8,2000,Buy,324336074
2025-07-17 10:56:40,91.8,1300,Buy,324336061
2025-07-17 10:56:40,91.8,100,Buy,324336081
2025-07-17 10:56:40,91.8,5000,Buy,324336093
2025-07-17 10:56:40,91.8,600,Buy,324336083
2025-07-17 10:56:40,91.8,2000,Buy,324336090
2025-07-17 10:56:40,91.8,100,Buy,324336084
2025-07-17 10:56:40,91.8,900,Buy,324336094
2025-07-17 10:56:40,91.8,1000,Buy,324336092
2025-07-17 10:56:40,91.8,100,Buy,324336091
2025-07-17 10:56:40,91.8,300,Buy,324336095
2025-07-17 10:56:40,91.8,100,Buy,324336089
2025-07-17 10:56:40,91.8,200,Buy,324336087
2025-07-17 10:56:40,91.8,100,Buy,324336086
2025-07-17 10:56:40,91.8,100,Buy,324336085
2025-07-17 10:56:40,91.8,100,Buy,324336088
2025-07-17 10:56:40,91.8,100,Buy,324336079
2025-07-17 10:56:42,91.9,100,Buy,324336177
2025-07-17 10:56:42,91.9,500,Buy,324336176
2025-07-17 10:56:42,91.9,3600,Buy,324336192
2025-07-17 10:56:42,91.9,100,Buy,324336175
2025-07-17 10:56:42,91.9,5000,Buy,324336180
2025-07-17 10:56:42,91.9,6400,Buy,324336181
2025-07-17 10:56:42,91.9,100,Buy,324336178
2025-07-17 10:56:42,91.9,500,Buy,324336179
2025-07-17 10:56:42,91.9,10000,Buy,324336193
2025-07-17 10:56:42,91.9,10000,Buy,324336196
2025-07-17 10:56:42,91.9,200,Buy,324336174
2025-07-17 10:56:42,91.9,300,Buy,324336194
2025-07-17 10:56:42,91.9,1000,Buy,324336195
2025-07-17 10:56:42,91.9,100,Buy,324336197
2025-07-17 10:56:42,91.9,300,Buy,324336198
2025-07-17 10:56:42,91.9,1000,Buy,324336199
2025-07-17 10:56:42,91.9,100,Buy,324336200
2025-07-17 10:56:42,91.9,20000,Buy,324336201
2025-07-17 10:56:52,92.0,2500,Buy,324336567
2025-07-17 10:56:52,92.0,100,Buy,324336566
2025-07-17 10:56:52,92.0,2600,Buy,324336565
2025-07-17 10:56:52,92.0,1000,Buy,324336564
2025-07-17 10:56:52,92.0,900,Buy,324336562
2025-07-17 10:56:52,92.0,200,Buy,324336561
2025-07-17 10:56:52,92.0,200,Buy,324336557
2025-07-17 10:56:52,92.0,300,Buy,324336559
2025-07-17 10:56:52,92.0,100,Buy,324336558
2025-07-17 10:56:52,92.0,200,Buy,324336568
2025-07-17 10:56:52,92.0,2700,Buy,324336556
2025-07-17 10:56:52,92.0,1000,Buy,324336571
2025-07-17 10:56:52,92.0,500,Buy,324336607
2025-07-17 10:56:52,92.0,1000,Buy,324336560
2025-07-17 10:56:52,92.0,10000,Buy,324336569
2025-07-17 10:56:52,92.0,100,Buy,324336573
2025-07-17 10:56:52,92.0,1000,Buy,324336572
2025-07-17 10:56:52,92.0,2000,Buy,324336606
2025-07-17 10:56:52,92.0,400,Buy,324336575
2025-07-17 10:56:52,92.0,200,Buy,324336574
2025-07-17 10:56:52,92.0,100,Buy,324336646
2025-07-17 10:56:52,92.0,200,Buy,324336576
2025-07-17 10:56:52,92.0,100,Buy,324336578
2025-07-17 10:56:52,92.0,300,Buy,324336579
2025-07-17 10:56:52,92.0,200,Buy,324336599
2025-07-17 10:56:52,92.0,100,Buy,324336600
2025-07-17 10:56:52,92.0,100,Buy,324336601
2025-07-17 10:56:52,92.0,1000,Buy,324336602
2025-07-17 10:56:52,92.0,400,Buy,324336603
2025-07-17 10:56:52,92.0,500,Buy,324336604
2025-07-17 10:56:52,92.0,500,Buy,324336570
2025-07-17 10:56:52,92.0,1000,Buy,324336609
2025-07-17 10:56:52,92.0,1000,Buy,324336638
2025-07-17 10:56:52,92.0,300,Buy,324336608
2025-07-17 10:56:52,92.0,4400,Buy,324336617
2025-07-17 10:56:52,92.0,100,Buy,324336623
2025-07-17 10:56:52,92.0,100,Buy,324336622
2025-07-17 10:56:52,92.0,100,Buy,324336621
2025-07-17 10:56:52,92.0,100,Buy,324336620
2025-07-17 10:56:52,92.0,500,Buy,324336619
2025-07-17 10:56:52,92.0,500,Buy,324336618
2025-07-17 10:56:52,92.0,700,Buy,324336615
2025-07-17 10:56:52,92.0,100,Buy,324336616
2025-07-17 10:56:52,92.0,200,Buy,324336625
2025-07-17 10:56:52,92.0,1000,Buy,324336614
2025-07-17 10:56:52,92.0,100,Buy,324336613
2025-07-17 10:56:52,92.0,100,Buy,324336612
2025-07-17 10:56:52,92.0,200,Buy,324336611
2025-07-17 10:56:52,92.0,500,Buy,324336644
2025-07-17 10:56:52,92.0,1300,Buy,324336610
2025-07-17 10:56:52,92.0,300,Buy,324336640
2025-07-17 10:56:52,92.0,3000,Buy,324336626
2025-07-17 10:56:52,92.0,100,Buy,324336627
2025-07-17 10:56:52,92.0,100,Buy,324336628
2025-07-17 10:56:52,92.0,300,Buy,324336629
2025-07-17 10:56:52,92.0,200,Buy,324336630
2025-07-17 10:56:52,92.0,100,Buy,324336631
2025-07-17 10:56:52,92.0,100,Buy,324336633
2025-07-17 10:56:52,92.0,500,Buy,324336634
2025-07-17 10:56:52,92.0,100,Buy,324336635
2025-07-17 10:56:52,92.0,2900,Buy,324336636
2025-07-17 10:56:52,92.0,200,Buy,324336637
2025-07-17 10:56:52,92.0,500,Buy,324336605
2025-07-17 10:56:52,92.0,200,Buy,324336639
2025-07-17 10:56:52,92.0,100,Buy,324336624
2025-07-17 10:56:52,92.0,200,Buy,324336645
2025-07-17 10:56:52,92.0,200,Buy,324336577
2025-07-17 10:56:52,92.0,100,Buy,324336647
2025-07-17 10:56:52,92.0,100,Buy,324336683
2025-07-17 10:56:52,92.0,100,Buy,324336666
2025-07-17 10:56:52,92.0,500,Buy,324336649
2025-07-17 10:56:52,92.0,1000,Buy,324336651
2025-07-17 10:56:52,92.0,1000,Buy,324336652
2025-07-17 10:56:52,92.0,100,Buy,324336653
2025-07-17 10:56:52,92.0,100,Buy,324336654
2025-07-17 10:56:52,92.0,3000,Buy,324336655
2025-07-17 10:56:52,92.0,200,Buy,324336656
2025-07-17 10:56:52,92.0,17400,Buy,324336657
2025-07-17 10:56:52,92.0,100,Buy,324336659
2025-07-17 10:56:52,92.0,300,Buy,324336661
2025-07-17 10:56:52,92.0,100,Buy,324336662
2025-07-17 10:56:52,92.0,300,Buy,324336663
2025-07-17 10:56:52,92.0,500,Buy,324336664
2025-07-17 10:56:52,92.0,400,Buy,324336682
2025-07-17 10:56:52,92.0,3000,Buy,324336665
2025-07-17 10:56:52,92.0,500,Buy,324336669
2025-07-17 10:56:52,92.0,200,Buy,324336670
2025-07-17 10:56:52,92.0,200,Buy,324336671
2025-07-17 10:56:52,92.0,500,Buy,324336672
2025-07-17 10:56:52,92.0,1000,Buy,324336673
2025-07-17 10:56:52,92.0,200,Buy,324336675
2025-07-17 10:56:52,92.0,100,Buy,324336685
2025-07-17 10:56:52,92.0,500,Buy,324336668
2025-07-17 10:56:52,92.0,1000,Buy,324336677
2025-07-17 10:56:52,92.0,100,Buy,324336678
2025-07-17 10:56:52,92.0,100,Buy,324336680
2025-07-17 10:56:52,92.0,500,Buy,324336681
2025-07-17 10:56:52,92.0,100,Buy,324336674
2025-07-17 10:56:52,92.0,1000,Buy,324336667
2025-07-17 10:56:52,92.0,100,Buy,324336676
2025-07-17 10:56:52,92.0,100,Buy,324336648
2025-07-17 10:56:52,92.0,100,Buy,324336660
2025-07-17 10:56:52,92.0,500,Buy,324336725
2025-07-17 10:56:52,92.0,100,Buy,324336695
2025-07-17 10:56:52,92.0,100,Buy,324336726
2025-07-17 10:56:52,92.0,300,Buy,324336700
2025-07-17 10:56:52,92.0,100,Buy,324336699
2025-07-17 10:56:52,92.0,300,Buy,324336698
2025-07-17 10:56:52,92.0,200,Buy,324336697
2025-07-17 10:56:52,92.0,900,Buy,324336696
2025-07-17 10:56:52,92.0,200,Buy,324336692
2025-07-17 10:56:52,92.0,1000,Buy,324336684
2025-07-17 10:56:52,92.0,100,Buy,324336691
2025-07-17 10:56:52,92.0,100,Buy,324336690
2025-07-17 10:56:52,92.0,100,Buy,324336689
2025-07-17 10:56:52,92.0,1400,Buy,324336688
2025-07-17 10:56:52,92.0,100,Buy,324336687
2025-07-17 10:56:52,92.0,100,Buy,324336686
2025-07-17 10:56:52,92.0,1000,Buy,324336701
2025-07-17 10:56:52,92.0,100,Buy,324336703
2025-07-17 10:56:52,92.0,200,Buy,324336724
2025-07-17 10:56:52,92.0,3000,Buy,324336722
2025-07-17 10:56:52,92.0,100,Buy,324336721
2025-07-17 10:56:52,92.0,100,Buy,324336713
2025-07-17 10:56:52,92.0,300,Buy,324336712
2025-07-17 10:56:52,92.0,1000,Buy,324336702
2025-07-17 10:56:52,92.0,400,Buy,324336710
2025-07-17 10:56:52,92.0,3000,Buy,324336711
2025-07-17 10:56:52,92.0,1000,Buy,324336708
2025-07-17 10:56:52,92.0,100,Buy,324336707
2025-07-17 10:56:52,92.0,100,Buy,324336706
2025-07-17 10:56:52,92.0,200,Buy,324336705
2025-07-17 10:56:52,92.0,100,Buy,324336704
2025-07-17 10:56:52,92.0,100,Buy,324336709
2025-07-17 10:56:53,92.0,100,Buy,324336746
2025-07-17 10:56:57,92.0,100,Sell,324336837
2025-07-17 10:57:01,92.1,500,Buy,324337061
2025-07-17 10:57:01,92.1,200,Buy,324337060
2025-07-17 10:57:01,92.1,100,Buy,324337059
2025-07-17 10:57:01,92.1,1200,Buy,324337062
2025-07-17 10:57:01,92.1,100,Buy,324337081
2025-07-17 10:57:01,92.1,18800,Buy,324337080
2025-07-17 10:57:08,92.2,200,Buy,324337306
2025-07-17 10:57:08,92.2,200,Buy,324337307
2025-07-17 10:57:08,92.2,500,Buy,324337308
2025-07-17 10:57:08,92.2,100,Buy,324337311
2025-07-17 10:57:08,92.2,100,Buy,324337326
2025-07-17 10:57:08,92.2,100,Buy,324337327
2025-07-17 10:57:08,92.2,500,Buy,324337328
2025-07-17 10:57:08,92.2,100,Buy,324337329
2025-07-17 10:57:13,92.3,100,Buy,324337545
2025-07-17 10:57:13,92.3,200,Buy,324337540
2025-07-17 10:57:13,92.3,500,Buy,324337542
2025-07-17 10:57:13,92.3,500,Buy,324337543
2025-07-17 10:57:13,92.3,100,Buy,324337544
2025-07-17 10:57:13,92.3,200,Buy,324337549
2025-07-17 10:57:13,92.3,100,Buy,324337546
2025-07-17 10:57:13,92.3,100,Buy,324337547
2025-07-17 10:57:13,92.3,100,Buy,324337548
2025-07-17 10:57:13,92.3,600,Buy,324337541
2025-07-17 10:57:15,92.4,200,Buy,324337710
2025-07-17 10:57:15,92.4,500,Buy,324337712
2025-07-17 10:57:15,92.4,100,Buy,324337711
2025-07-17 10:57:15,92.4,100,Buy,324337714
2025-07-17 10:57:15,92.4,1000,Buy,324337713
2025-07-17 10:57:15,92.4,100,Buy,324337715
2025-07-17 10:57:18,92.4,100,Buy,324337824
2025-07-17 10:57:19,92.5,1000,Buy,324337848
2025-07-17 10:57:19,92.5,100,Buy,324337835
2025-07-17 10:57:19,92.5,200,Buy,324337836
2025-07-17 10:57:19,92.5,200,Buy,324337838
2025-07-17 10:57:19,92.5,2000,Buy,324337839
2025-07-17 10:57:19,92.5,100,Buy,324337834
2025-07-17 10:57:19,92.5,100,Buy,324337842
2025-07-17 10:57:19,92.5,100,Buy,324337833
2025-07-17 10:57:19,92.5,100,Buy,324337843
2025-07-17 10:57:19,92.5,1000,Buy,324337844
2025-07-17 10:57:19,92.5,500,Buy,324337845
2025-07-17 10:57:19,92.5,100,Buy,324337840
2025-07-17 10:57:19,92.5,100,Buy,324337846
2025-07-17 10:57:19,92.5,200,Buy,324337841
2025-07-17 10:57:19,92.5,2000,Buy,324337847
2025-07-17 10:57:19,92.5,3000,Buy,324337837
2025-07-17 10:57:19,92.5,100,Buy,324337850
2025-07-17 10:57:19,92.5,100,Buy,324337855
2025-07-17 10:57:19,92.5,200,Buy,324337854
2025-07-17 10:57:19,92.5,400,Buy,324337856
2025-07-17 10:57:19,92.5,500,Buy,324337857
2025-07-17 10:57:19,92.5,1700,Buy,324337858
2025-07-17 10:57:19,92.5,200,Buy,324337859
2025-07-17 10:57:19,92.5,100,Buy,324337861
2025-07-17 10:57:19,92.5,500,Buy,324337853
2025-07-17 10:57:19,92.5,500,Buy,324337862
2025-07-17 10:57:19,92.5,300,Buy,324337863
2025-07-17 10:57:19,92.5,100,Buy,324337864
2025-07-17 10:57:19,92.5,2500,Buy,324337865
2025-07-17 10:57:19,92.5,100,Buy,324337860
2025-07-17 10:57:19,92.5,500,Buy,324337852
2025-07-17 10:57:20,92.4,13800,Sell,324337906
2025-07-17 10:57:20,92.3,6200,Sell,324337907
2025-07-17 10:57:26,92.6,100,Buy,324338290
2025-07-17 10:57:26,92.8,100,Buy,324338301
2025-07-17 10:57:26,92.6,100,Buy,324338292
2025-07-17 10:57:26,92.6,100,Buy,324338294
2025-07-17 10:57:26,92.6,100,Buy,324338291
2025-07-17 10:57:26,92.7,100,Buy,324338299
2025-07-17 10:57:26,92.7,100,Buy,324338297
2025-07-17 10:57:26,92.7,200,Buy,324338298
2025-07-17 10:57:26,92.6,100,Buy,324338295
2025-07-17 10:57:26,92.6,200,Buy,324338289
2025-07-17 10:57:26,92.7,100,Buy,324338296
2025-07-17 10:57:26,92.8,100,Buy,324338300
2025-07-17 10:57:26,92.9,1000,Buy,324338312
2025-07-17 10:57:26,92.8,200,Buy,324338302
2025-07-17 10:57:26,92.8,100,Buy,324338304
2025-07-17 10:57:26,92.8,100,Buy,324338305
2025-07-17 10:57:26,92.8,100,Buy,324338308
2025-07-17 10:57:26,92.9,1000,Buy,324338310
2025-07-17 10:57:26,92.8,100,Buy,324338307
2025-07-17 10:57:26,92.9,200,Buy,324338313
2025-07-17 10:57:26,92.8,100,Buy,324338303
2025-07-17 10:57:26,92.8,100,Buy,324338309
2025-07-17 10:57:26,92.9,100,Buy,324338311
